3338 5350
1672 516 1797 584 112

655 865 1018 953 Αρροηᾱίχε
1066 867 1154 936 De
1199 866 1489 954 tempore
1536 884 1658 953 quo
1707 869 2171 940 Demosthenes
2213 870 2496 940 Athenas
2541 870 2819 940 redierit.

655 1082 761 1148 De
807 1088 1112 1170 tempore
1158 1104 1292 1169 quo
1338 1083 1832 1148 Demosthenes
1878 1083 2081 1149 exilio
2119 1084 2314 1149 finito
2353 1084 2661 1150 Athenas
2686 1085 2904 1150 redie-

565 1190 675 1274 rit,
746 1188 1115 1275 ambigitur
1180 1189 1358 1254 inter
1421 1190 1605 1255 viros
1667 1190 1917 1257 doctos,
2010 1190 2244 1255 Justin
2292 1192 2394 1256 13.
2443 1192 2506 1255 5.
2560 1192 2641 1256 12
2690 1192 2774 1257 de
2820 1212 2902 1258 eo

567 1296 872 1384 scripsit:
954 1296 1197 1383 „missa
1266 1297 1352 1361 ab
1419 1296 1951 1362 Atheniensibus
2019 1297 2295 1363 obviam
2340 1320 2519 1363 nave
2564 1298 2650 1364 ab
2698 1298 2901 1364 exilio

572 1410 982 1484 „revocatun
1052 1402 1336 1468 Interim
1394 1405 1468 1468 in
1514 1403 1864 1469 obsidione
1906 1404 2258 1492 Antipatri
2302 1403 2714 1470 Leosthenes
2761 1405 2904 1470 dux

571 1510 1130 1591 „Atheniensium
1153 1509 1290 1576 telo
1338 1533 1379 1575 a
1400 1511 1610 1575 muris
1654 1511 1730 1575 in
1773 1517 2241 1577 transeuntem
2280 1511 2465 1598 jacto
2504 1510 2900 1578 occiditur.”

651 1617 856 1684 Falsa
924 1618 1202 1705 quidem
1267 1618 1453 1683 haec.
1545 1617 1859 1705 Droysen
1926 1624 2161 1684 contra
2221 1624 2402 1684 recte
2447 1639 2604 1683 eum
2646 1618 2903 1683 reverti

563 1723 731 1789 facit
773 1731 929 1812 post
973 1731 1262 1791 mortem
1307 1724 1725 1808 Leosthenis‚
1754 1726 2067 1811 quamvis
2091 1724 2264 1790 falso
2292 1731 2692 1812 argumento
2719 1748 2898 1790 usus,

562 1831 897 1917 Loquitur
964 1833 1145 1897 enim
1212 1831 1299 1896 de
1343 1840 1532 1897 metu
1589 1838 1980 1920 praetorum
2050 1831 2135 1897 ab
2198 1832 2573 1897 oratoribus
2596 1830 2664 1916 1),
2712 1833 2901 1897 nisus

561 1938 708 2004 loco
753 1938 1102 2004 Plutarchi
1124 1937 1198 2025 2),
1255 1960 1389 2003 non
1431 1944 1616 2004 recte
1661 1946 1933 2005 vertens
1982 1936 2234 2003 δεῖσθαι
2269 1961 2393 2027 per
2436 1939 2901 2005 metuendum.

563 2043 888 2111 Schaefer
932 2046 993 2109 3.
1042 2044 1174 2110 370
1235 2051 1464 2110 autem
1508 2065 1664 2110 cum
1723 2045 1768 2112 J
1771 2047 1997 2111 ustino
2043 2043 2229 2129 facit,
2276 2045 2572 2111 reditum
2617 2046 2902 2111 Demos-

559 2153 784 2219 thenis
849 2154 1047 2240 ponit
1114 2159 1271 2218 ante
1338 2152 1739 2218 Leosthenis
1800 2159 2108 2218 mortem.
2197 2153 2342 2219 Nec
2386 2160 2617 2218 tamen
2661 2151 2790 2218 hoc
2835 2154 2904 2217 ei

561 2260 928 2326 concedere
994 2281 1288 2347 possum.
1400 2259 1816 2326 Leosthenes
1900 2260 2084 2325 enim
2150 2282 2381 2325 caesus
2451 2266 2553 2325 est
2620 2260 2694 2324 in
2759 2259 2903 2323 fine

560 2367 809 2431 mensis
875 2367 1270 2448 Novembri,
1337 2365 1667 2432 faciamus
1734 2365 1966 2455 paullo
2028 2374 2186 2432 ante
2233 2366 2430 2432 urbes
2476 2366 2903 2454 Peloponne-

562 2475 771 2539 siacas
817 2472 1077 2539 foederi
1121 2473 1472 2540 Hellenico
1541 2480 1921 2562 assumptas
1990 2495 2153 2558 esse,
2222 2474 2477 2562 quippe
2538 2495 2715 2560 quae
2758 2495 2901 2539 non

563 2587 722 2645 ante
764 2602 871 2646 res
916 2601 1236 2669 prospere
1281 2586 1505 2666 gestas
1569 2603 1609 2646 a
1652 2581 2036 2646 Leosthene
2097 2586 2166 2645 et
2208 2580 2521 2646 Lamiam
2565 2579 2902 2645 inclusam

561 2710 703 2753 sese
766 2689 958 2754 sociis
1029 2687 1466 2774 adjunxerint
1486 2685 1557 2773 3);
1619 2695 1770 2753 tum
1826 2688 2016 2755 nullo
2062 2688 2263 2755 modo
2306 2687 2436 2753 hoc
2479 2687 2629 2753 fieri
2672 2688 2904 2776 potuit

558 2795 692 2868 nisi
738 2803 1064 2861 autumno
1109 2801 1433 2883 tempore,
1497 2795 1693 2861 brevi
1739 2802 1900 2861 ante
1944 2804 2232 2862 mortem
2272 2794 2695 2861 LeostheniS.
2789 2792 2899 2859 Ob

563 2902 838 2988 egregia
881 2902 1124 2967 merita
1166 2902 1295 2968 hac
1340 2902 1413 2966 in
1454 2924 1526 2967 re
1571 2902 2061 2968 Demosthenes
2084 2909 2438 2968 revocatus
2465 2907 2584 2967 est.
2634 2900 2903 2967 Scimus

563 3010 648 3074 ob
698 3009 934 3074 eadem
1001 3009 1244 3075 merita
1311 3010 1658 3075 decretum
1720 3010 1979 3074 editum
2047 3032 2190 3075 esse
2236 3008 2322 3074 ab
2367 3007 2902 3075 Atheniensibus

561 3117 636 3181 in
679 3117 1005 3182 honorem
1047 3116 1436 3204 Euphronis
1484 3115 1788 3204 Sicyonii
1831 3139 2062 3182 mense
2106 3116 2468 3182 Decembri
2505 3116 2667 3181 anni
2693 3116 2821 3180 323
2843 3112 2901 3200 4)

563 3224 803 3288 eodem
846 3223 1216 3311 Euphrone
1262 3230 1534 3290 auctore
1580 3222 1935 3311 Sicyonios
1959 3225 2265 3291 omnium
2286 3224 2539 3311 primos
2563 3223 2902 3312 Pelopon-

561 3330 902 3396 nesiorum
944 3330 1475 3396 Atheniensibus
1521 3352 1722 3420 opem
1764 3332 2016 3398 tulisse.
2110 3330 2448 3418 Deinceps
2488 3331 2661 3396 aliae
2695 3330 2902 3396 urbes

564 3437 874 3526 Sicyonis
921 3437 1306 3526 exemplum
1374 3445 1643 3504 secutae
1691 3445 1867 3524 sunt,
1917 3444 2243 3504 autumno
2305 3444 2609 3526 tempore
2654 3436 2899 3504 foedus

560 3545 1005 3610 constitutum
1050 3550 1170 3610 est.

646 3650 1005 3717 Faciamus
1049 3674 1233 3717 nunc
1276 3652 1753 3719 Demosthenis
1791 3651 2090 3719 fautores
2134 3652 2207 3716 id
2253 3652 2585 3738 cogitasse
2628 3657 2708 3717 ut
2751 3650 2902 3716 effi-

562 3765 793 3824 cerent
836 3765 915 3824 ut
960 3767 1168 3845 quam
1214 3758 1557 3825 celerrime
1601 3766 2054 3843 revocaretur,
2079 3765 2312 3824 tamen
2335 3759 2708 3825 adversarii
2730 3758 2790 3844 ej
2798 3782 2901 3844 uS,

613 4029 661 4096 1)
697 4029 879 4100 Droys
933 4030 984 4082 2.
1022 4029 1069 4082 1.
1109 4029 1192 4083 62.
1233 4046 1363 4083 ann.
1401 4028 1450 4081 1.

614 4117 660 4184 2)
698 4118 843 4173 Plut,
901 4117 1092 4187 Comp.
1150 4118 1433 4173 Demosth.
1493 4122 1548 4171 et
1603 4116 1713 4171 Cic.
1771 4133 1890 4186 cap.
1944 4117 1995 4171 3.
2045 4116 2175 4168 ὥστε
2209 4115 2297 4167 καὶ
2331 4117 2447 4175 τοὺς
2480 4121 2578 4166 τῶν
2613 4115 2777 4167 ὅπλων
2811 4117 2903 4166 καὶ

561 4205 903 4269 στρατοπέδων
938 4208 1119 4270 κυρίους
1154 4206 1363 4265 δεῖσθαι,
1400 4204 1736 4269 Δημοσθένους
1770 4207 1859 4269 μὶν
1875 4246 1886 4257 .
1909 4243 1922 4256 .
1945 4242 1958 4255 .
1978 4204 2280 4264 Λεωσθένην.

611 4294 658 4362 3)
697 4296 842 4350 Plut.
863 4296 1147 4351 Demosth.
1172 4298 1257 4350 27.
1293 4300 1364 4348 τὰ
1400 4294 1444 4345 δ’
1464 4298 1731 4353 Ἑλληνικὰ
1764 4296 2063 4346 συνίσταντο
2097 4295 2264 4355 πάλιν,
2299 4293 2609 4354 Λεωσθένους
2643 4293 2901 4359 ἀνδραγα-

560 4389 761 4442 θοῦντος
797 4385 883 4434 καὶ
917 4382 1336 4450 περιτειχίζοντος
1371 4386 1698 4448 Ἀντίπατρον
1733 4385 1780 4435 έν
1817 4387 1999 4453 Λαμίᾳ
2032 4383 2437 4449 πολιορκούμενον.

615 4473 664 4541 ⁴)
702 4475 759 4529 e.
799 4476 840 4529 1.
878 4477 938 4529 A.
977 4477 1063 4531 1v.
1103 4476 1136 4529 2
1173 4493 1224 4545 p.
1264 4475 1333 4529 64
1369 4477 1458 4529 n0.
1498 4475 1646 4529 231b.
1687 4475 1927 4531 nittenb.
1969 4478 2086 4530 161.
