3338 5350
1505 487 1632 551 119

413 677 573 743 utile
622 702 764 745 esse
810 679 1055 768 potuit,
1104 681 1159 746 si
1197 687 1507 747 centrum
1552 680 1821 769 imperii
1869 704 2084 769 aequo
2131 683 2333 749 modo
2355 704 2509 748 cum
2533 683 2745 748 omni-

412 785 533 850 bus
577 786 949 873 provinciis
993 808 1373 853 connexum
1422 795 1614 869 esset,
1677 789 1733 852 si
1774 789 2012 854 eadem
2073 790 2248 854 ratio
2294 790 2472 855 inter
2516 811 2748 855 omnes

412 893 676 981 imperii
722 899 949 981 partes
997 903 1398 960 servaretur.
1493 895 1901 961 Recedendo
1970 895 2039 960 in
2101 896 2395 983 patriam
2436 896 2747 962 Macedo·

410 999 653 1083 nicam,
724 1008 1059 1087 strategus
1126 1002 1286 1068 huic
1329 1001 1723 1090 provinciae
1771 1001 2155 1091 praefectus
2201 1024 2434 1069 eorum
2477 1002 2749 1069 nomine

413 1115 479 1171 et
521 1107 908 1195 praesentia
949 1107 1275 1174 illustrior
1320 1109 1560 1175 saltem
1601 1108 1822 1175 factus
1863 1116 1981 1191 est,
2021 1111 2140 1175 sed
2187 1111 2424 1176 eodem
2445 1116 2749 1199 tempore

411 1224 724 1303 satrapae
790 1216 864 1280 in
925 1215 1204 1302 reliquis
1272 1215 1659 1303 provinciis,
1728 1216 1802 1280 in
1869 1214 2158 1282 Thracia
2216 1224 2420 1302 atque
2466 1217 2539 1282 in
2584 1218 2752 1284 Asia

410 1321 595 1387 nullo
643 1325 844 1390 modo
892 1323 1184 1412 amplius
1230 1344 1461 1389 eorum
1509 1323 1782 1388 nomine
1828 1330 1894 1387 et
1938 1323 2322 1410 praesentia
2344 1323 2750 1390 cohibeban-

411 1437 538 1494 tur.
613 1430 762 1495 Hac
821 1432 1226 1517 migratione
1289 1430 1500 1517 igitur
1542 1452 1737 1515 reges
1784 1430 1914 1518 ipsi
1960 1429 2514 1517 aequabilitatem
2558 1429 2749 1496 illam

410 1536 908 1622 confregerunt,
958 1538 1089 1625 ipsi
1134 1544 1438 1603 auctores
1485 1537 1652 1603 facti
1699 1543 1858 1602 sunt
1901 1537 2084 1603 illius
2131 1536 2489 1624 opinionis,
2531 1538 2748 1603 Mace·

410 1643 687 1709 doniam
755 1645 840 1709 ad
909 1666 1121 1731 regeS,
1184 1643 1544 1709 Thraciam
1593 1650 1823 1710 autem
1870 1652 1936 1709 et
1981 1643 2367 1732 provincias
2414 1643 2748 1709 Asiaticas

408 1750 491 1814 ad
542 1757 849 1837 satrapas
894 1750 1253 1839 pertinere.
1324 1750 1640 1816 Decessio
1710 1772 1797 1815 ex
1862 1750 2029 1816 Asia
2073 1750 2311 1816 eodem
2355 1749 2500 1815 fere
2544 1751 2749 1816 rediit

408 1857 600 1944 quasi
647 1857 881 1944 palam
925 1860 1090 1924 Asia
1136 1857 1561 1939 desisterent,
1613 1862 1683 1922 et
1731 1855 1962 1944 palam
2008 1879 2145 1921 non
2190 1856 2414 1923 solum
2454 1857 2746 1943 disjunc-

408 1966 666 2029 tionem
709 1965 914 2030 Asiae
963 1974 1033 2030 et
1076 1966 1412 2052 Europae,
1465 1964 1580 2030 sed
1630 1964 1838 2028 etiam
1862 1963 2194 2029 Thraciae
2217 1971 2286 2028 et
2308 1963 2747 2029 Macedoniae

406 2072 953 2158 pronunciarent.
1047 2071 1243 2136 Hanc
1309 2070 1396 2136 ob
1464 2092 1737 2136 causam
1796 2070 2080 2158 posthac
2126 2069 2379 2135 nullius
2423 2069 2748 2135 momenti

385 2176 685 2244 ,fuerunt
734 2178 821 2242 ad
868 2178 1230 2266 imperium
1275 2177 1349 2242 in
1397 2198 1607 2241 unum
1653 2177 2130 2242 cohibendum.

496 2285 704 2373 Apud
754 2283 1083 2369 maj0rem
1127 2290 1392 2373 partem
1437 2290 1863 2371 satraparum
1908 2284 2161 2372 species
2200 2283 2535 2370 quaedam
2556 2306 2746 2349 reve-

406 2391 668 2456 rentiae
735 2412 899 2477 erga
942 2392 1203 2477 regiam
1250 2390 1584 2455 familiam
1632 2412 1796 2456 sane
1840 2390 2109 2471 mansit,
2159 2390 2341 2478 apud
2388 2390 2749 2457 nonnullos

408 2520 573 2563 vera
616 2498 786 2563 fides
832 2506 899 2563 et
945 2499 1263 2581 studium,
1315 2497 1427 2562 vel
1472 2498 1521 2562 ii
1569 2497 1685 2583 qui
1732 2497 2013 2562 minime
2057 2498 2374 2586 propensi
2422 2504 2615 2563 erant
2661 2498 2749 2563 ad

405 2606 826 2693 patiendum,
875 2628 961 2671 ne
1010 2627 1148 2693 qua
1193 2607 1266 2670 in
1309 2627 1382 2671 re
1431 2604 1710 2670 libertas
1772 2627 1893 2670 sua
1938 2605 2468 2689 imminueretur,
2517 2612 2746 2670 tamen

406 2713 618 2779 verbo
665 2721 861 2779 tenus
909 2735 1229 2799 magnam
1252 2713 1706 2779 reverentiam
1729 2713 1900 2798 regii
1924 2712 2215 2777 nominis
2240 2711 2654 2778 simulabant
2676 2712 2745 2796 1).

405 2820 616 2907 Apud
664 2819 976 2886 nonullos
1022 2819 1194 2885 nihil
1243 2820 1374 2886 nisi
1421 2818 1717 2885 formula
1762 2818 1915 2903 fuit,
1940 2826 2011 2884 et
2031 2819 2375 2885 interdum
2397 2827 2749 2906 tamquam

405 2934 760 3014 praetexto
853 2926 1294 3013 aggrediendi
1386 2947 1720 2992 summam
1811 2925 2465 2991 administrationem
2557 2927 2750 2991 abusi

408 3041 569 3099 sunt
591 3034 677 3120 ²);
748 3035 866 3100 sed
934 3035 1151 3121 major
1210 3056 1366 3123 pars
1436 3035 1690 3099 sincere
1746 3033 1817 3099 id
1866 3031 2184 3098 studebat
2229 3039 2306 3097 ut
2350 3054 2493 3099 sese
2536 3033 2748 3100 fidam

405 3147 801 3228 praestaret,
874 3142 926 3205 si
995 3142 1197 3207 modo
1264 3141 1579 3207 utilitatis
1650 3163 1811 3206 suae
1873 3161 2071 3205 curae
2117 3161 2255 3205 non
2300 3148 2747 3227 repugnaret3

405 3249 735 3335 imprimis
802 3248 972 3314 fides
1040 3247 1408 3314 multorum
1453 3269 1491 3313 e
1553 3246 1944 3313 custodibus
2005 3246 2492 3330 thesaurorum,
2563 3269 2749 3313 reve-

405 3355 630 3420 rentia
696 3376 928 3421 eorum
995 3376 1157 3439 erga
1246 3356 1573 3420 mandata
1638 3355 1837 3441 regiS,
1908 3374 2061 3418 cum
2138 3353 2448 3419 omnibus
2530 3354 2748 3420 modis

406 3469 740 3545 negarent
804 3462 986 3527 bona
1054 3461 1182 3527 sibi
1229 3461 1583 3527 commissa
1627 3461 1709 3526 iis
1756 3462 2140 3546 concedere,
2211 3462 2328 3548 qui
2373 3461 2516 3526 sine
2559 3460 2751 3548 regia

408 3568 810 3633 auctoritate
856 3569 1023 3634 haec
1067 3568 1194 3633 sibi
1240 3568 1707 3651 vindicabant,
1732 3568 1900 3635 haec
1920 3591 2025 3635 res
2049 3570 2154 3656 (ut
2170 3568 2317 3656 jam
2341 3590 2546 3656 supra
2568 3591 2637 3656 p.
2664 3569 2747 3633 77

408 3676 668 3741 dictum
736 3679 860 3758 est)
931 3674 1421 3763 aliquantisper
1466 3675 1728 3741 nomini
1773 3676 1961 3762 regio
2006 3676 2079 3741 in
2123 3676 2290 3743 Asia
2332 3676 2518 3741 haud
2564 3698 2745 3764 sper-

408 3783 709 3848 nendam
754 3784 1226 3848 auctoritatem
1274 3782 1481 3847 dedit.

461 3989 510 4056 1)
548 3991 892 4060 Responsum
949 4008 998 4044 v.
1038 4008 1082 4045 c.
1124 4008 1158 4044 a
1207 3989 1439 4045 Seleuco
1480 3993 1535 4044 et
1571 3989 1841 4045 Peithone
1859 3990 2094 4044 Eumeni
2112 3989 2325 4059 datum,
2346 4006 2474 4045 cum
2494 3990 2583 4045 hic
2604 4007 2749 4047 anno

408 4079 515 4132 317
572 4095 641 4133 ex
697 4078 963 4134 Orientali
999 4082 1157 4149 parte
1194 4079 1356 4133 Asiae
1392 4079 1497 4133 iter
1533 4079 1759 4146 faciens,
1797 4079 1950 4148 regio
1988 4079 2211 4134 nomine
2247 4079 2317 4134 ab
2354 4080 2420 4135 iis
2476 4079 2749 4148 quaedam

409 4168 703 4237 flagitaret,
757 4168 1043 4239 postulata
1079 4167 1304 4236 quidem
1340 4169 1634 4235 recusavit,
1676 4167 1773 4223 sed
1815 4168 2010 4223 eodem
2045 4171 2299 4239 tempore
2341 4186 2537 4225 eorum
2582 4169 2750 4223 fidem

412 4273 547 4327 erga
580 4274 768 4328 regem
805 4257 1177 4312 manifestavit
1211 4256 1367 4312 Diod.
1408 4257 1490 4311 19.
1531 4258 1614 4311 12.
1655 4257 1705 4309 2.

465 4346 513 4409 2)
551 4364 602 4401 v.
639 4364 685 4402 c.
742 4346 892 4417 apud
949 4347 1287 4415 Antigonum
1345 4349 1472 4417 post
1526 4345 1789 4408 Eumenis
1842 4346 2145 4418 interitum,
2199 4346 2257 4400 in
2294 4346 2594 4406 certamine
2633 4347 2751 4422 ejus

417 4453 544 4494 cum
581 4435 906 4502 Cassandro,
