3338 5350
12 227 38 438 o—‚wffl
13 69 14 156 „u

1491 525 1617 591 173

560 897 601 975 ξ
647 890 713 959 3.
785 890 1153 960 Macedonia
1197 908 1398 975 usque
1445 890 1524 959 ad
1573 892 1715 961 221.
1763 891 2065 962 Societas
2108 894 2189 961 ab
2234 894 2549 980 Antigono

1051 1007 1335 1076 Dosonte
1381 1024 1527 1076 cum
1575 1007 1840 1077 Graecis
1884 1008 2053 1076 inita.

476 1242 796 1305 Omnium
839 1241 1136 1327 primum
1181 1242 1733 1327 investigandum
1779 1248 1900 1325 est,
1943 1249 2275 1329 quantum
2311 1244 2459 1308 fieri
2484 1251 2723 1329 potest,

382 1370 520 1433 quo
588 1370 801 1433 usque
870 1370 1154 1433 regnum
1224 1348 1739 1413 Macedonicum
1803 1350 2261 1436 geographico
2321 1372 2519 1415 sensu
2580 1372 2725 1416 sese

383 1456 760 1541 porrexerit
805 1456 931 1519 sub
976 1477 1187 1540 regno
1230 1455 1564 1541 Antigoni
1609 1457 1921 1521 Gonatae
1965 1463 2037 1520 et
2078 1478 2535 1522 successorum
2559 1457 2725 1542 ejus,

380 1569 532 1625 tum
599 1563 807 1627 etiam
876 1562 1133 1648 aliquid
1204 1564 1290 1628 de
1350 1564 1753 1628 auctoritate
1791 1562 1937 1648 ejus
1982 1564 2052 1627 in
2100 1563 2389 1628 Graecia
2435 1565 2727 1629 dicenda

384 1670 532 1734 erit.
622 1668 976 1755 Perpauca
1041 1675 1276 1733 tamen
1341 1670 1675 1756 imprimis
1736 1671 1822 1734 de
1887 1672 2034 1756 ipso
2078 1692 2243 1755 agro
2289 1670 2726 1737 Macedonico

384 1776 510 1840 sub
554 1776 903 1862 Antigono
950 1777 1222 1841 Gonata
1267 1782 1558 1840 aetatem
1603 1776 1929 1859 tulerunt,
1977 1778 2147 1842 adeo
2191 1784 2272 1842 ut
2305 1778 2526 1862 major
2566 1801 2726 1865 pars

383 1904 522 1947 non
590 1884 721 1948 nisi
791 1882 1180 1967 conjectura
1252 1884 1570 1948 constitui
1635 1884 1870 1970 possit.
1962 1884 2113 1948 Hac
2178 1886 2252 1949 in
2297 1907 2372 1949 re
2438 1907 2577 1950 una
2619 1907 2727 1951 res

382 1990 578 2056 nobis
625 1989 875 2055 auxilio
922 1991 1135 2073 venit,
1201 2011 1449 2076 nempe
1515 1991 1722 2077 quod,
1791 1997 2127 2077 quantum
2175 1999 2461 2079 apparet
2504 2014 2727 2079 neque

386 2096 512 2161 sub
582 2097 929 2162 Demetrio
1021 2098 1426 2183 (239-230)
1516 2119 1739 2183 neque
1831 2098 1955 2163 sub
2008 2100 2357 2185 Antigono
2425 2100 2727 2166 Dosonte

385 2204 793 2289 (230—221)
860 2205 1225 2291 quicquam
1293 2211 1633 2269 mutatum
1705 2211 1809 2269 est.
1850 2206 1924 2270 in
1969 2205 2219 2271 finibus
2266 2205 2724 2272 Macedoniae.

383 2309 801 2377 Mutationes
843 2310 1070 2377 factae
1115 2334 1156 2376 a
1200 2311 1522 2398 Philippo
1576 2312 1815 2397 quinto
1861 2319 2049 2377 ortae
2097 2321 2257 2377 sunt
2300 2316 2375 2377 in
2420 2335 2498 2378 eo
2544 2321 2727 2378 statu

383 2440 631 2501 rerum,
702 2420 816 2505 qui
889 2440 1104 2504 aeque
1168 2419 1508 2506 pertineat
1554 2419 1640 2483 ad
1689 2420 1885 2483 initia
1930 2420 2120 2505 regni
2168 2420 2379 2507 ipsius
2424 2420 2727 2508 Philippi

387 2548 602 2612 aeque
648 2526 736 2590 ad
779 2547 1068 2612 regnum
1115 2532 1194 2590 ut
1254 2526 1698 2590 constitutum
1763 2534 1863 2591 est
1909 2526 1995 2590 ab
2045 2527 2395 2613 Antigono
2434 2527 2725 2593 Gonata.

477 2632 670 2712 Quod
717 2632 860 2698 dixi
906 2655 990 2698 ex
1041 2632 1474 2719 sequentibus
1522 2638 1827 2720 apparet.
1920 2631 2203 2699 Constat
2253 2636 2438 2700 enim
2481 2634 2725 2700 Deme·

384 2742 613 2823 trium,
680 2762 836 2806 cum
872 2740 1021 2825 jam
1066 2741 1298 2805 statim
1359 2748 1515 2828 post
1567 2748 1857 2806 mortem
1901 2741 2234 2827 Antigoni
2281 2743 2369 2806 ab
2414 2742 2729 2807 omnibus

384 2848 691 2935 partibus
736 2848 932 2913 bellis
979 2854 1362 2931 vexaretur,
1401 2854 1632 2912 tamen
1677 2869 1969 2934 regnum
2018 2871 2215 2913 suum
2252 2846 2539 2936 repulsis
2575 2849 2727 2914 hos·

385 2955 567 3021 tibus
656 2957 1002 3040 integrum
1068 2977 1370 3020 servasse
1415 2955 1486 3037 1).
1600 2955 1805 3022 Unde
1887 2957 2190 3041 sequitur
2269 2957 2463 3021 initio
2532 2956 2727 3041 regni

387 3063 720 3149 Antigoni
787 3061 1112 3127 Dosontis
1181 3068 1434 3127 statum
1500 3062 1943 3129 Macedoniae
2012 3063 2305 3127 eundem
2370 3061 2581 3127 fuisse
2650 3085 2729 3128 ac

389 3172 514 3237 sub
579 3170 929 3257 Antigono
998 3169 1289 3234 Gonata.
1381 3168 1557 3234 Tum
1603 3177 1834 3234 autem
1880 3168 2367 3257 explorandum
2415 3177 2519 3234 est
2561 3192 2727 3234 num

384 3272 564 3366 quae
607 3278 1020 3343 mutationes
1061 3275 1289 3341 factae
1331 3277 1469 3341 sint
1516 3279 1693 3341 inter
1739 3298 1950 3341 annos
1996 3276 2369 3342 230—221.

474 3388 736 3452 Eodem
781 3384 983 3449 modo
1031 3405 1165 3469 quo
1203 3383 1611 3466 Demetrius,
1649 3383 2037 3469 Antigonus
2061 3383 2292 3449 Doson
2317 3384 2511 3448 initio
2533 3386 2729 3471 regni

386 3492 682 3559 afflictus
730 3498 832 3556 est
874 3490 1338 3557 invasionibus
1380 3491 1877 3574 Dardanorum,
1916 3489 2515 3556 insurrectionibus
2563 3492 2729 3557 soci·

383 3623 601 3685 orum,
651 3622 882 3666 omnes
930 3605 1164 3664 tamen
1205 3599 1280 3663 in
1326 3598 1633 3663 ordinem
1675 3599 1898 3683 coegit
1922 3597 1997 3679 ²).

474 3709 568 3773 Et
633 3707 972 3794 reliquum
1038 3713 1308 3792 tempus
1376 3704 1578 3791 hujus
1645 3705 1841 3790 regni
1909 3711 2313 3794 occupatum
2376 3712 2479 3769 est
2525 3706 2729 3771 rebus

386 3815 734 3898 Graeciae,
805 3813 980 3879 nihil
1041 3814 1368 3878 traditum
1416 3819 1520 3877 est
1565 3812 1649 3877 de
1697 3811 1914 3876 turbis
1961 3834 2002 3875 3
2046 3818 2243 3899 parte
2288 3811 2727 3878 barbarorum

382 3923 550 3987 nisi.
584 3922 709 3987 sub
775 3921 984 3986 finem
1050 3923 1236 3986 vitae
1306 3919 1450 4004 ejus
1518 3940 1697 3984 anno
1765 3920 1918 4003 221,
1988 3941 2143 3983 cum
2210 3917 2431 4005 myrii
2498 3943 2727 3986 rursus

436 4133 488 4197 1)
522 4132 718 4201 Droys.
774 4131 826 4183 3.
879 4130 931 4183 2.
985 4130 1073 4184 35.
1146 4129 1345 4183 Euseb.
1404 4128 1554 4182 Arm.
1611 4128 1654 4180 Ι.
1716 4145 1770 4198 p.
1838 4126 1959 4180 237.
2020 4126 2141 4195 „cui
2194 4126 2517 4196 (Antigono)
2578 4127 2725 4181 filius

391 4221 736 4290 „Demetrius
771 4219 1037 4287 succedit,
1076 4218 1172 4286 qui
1209 4217 1397 4273 omnia
1432 4216 1658 4271 omnino
1697 4216 1863 4283 (quae
1900 4216 2079 4281 erant)
2114 4216 2289 4286 patris
2323 4216 2381 4269 in
2412 4216 2723 4270 monarchi-

389 4327 547 4380 „cam
583 4311 918 4380 potestatem
955 4307 1137 4362 denuo
1174 4304 1439 4377 redegit.’'

437 4399 488 4457 2)
524 4399 726 4453 Justin.
767 4398 854 4451 28.
894 4399 944 4451 3.
987 4398 1069 4449 14.
1113 4397 1216 4465 „Ut
1250 4396 1616 4450 defectionem
1653 4396 1935 4450 sociorum
1954 4395 2328 4457 vindicaverit,
2348 4397 2413 4448 ut
2431 4393 2722 4448 Dardanos

391 4489 826 4560 „Thessalosque
865 4487 1179 4541 exultantes
1217 4490 1398 4540 morte
1435 4485 1700 4540 Demetrii
1735 4486 1882 4555 regis
1918 4481 2373 4554 compescuerit.''
