3338 5350
1655 502 1812 566 -174

575 698 1046 765 Macedoniam
1090 699 1503 765 invaserunt.
1596 697 1885 785 Repulsi
1931 704 2159 763 tamen
2211 700 2386 779 sunt,
2435 697 2582 783 ipse
2625 693 2913 782 Antigo-

576 829 703 871 nus
768 806 960 871 brevi
1027 812 1184 896 post
1251 806 1555 890 moritur,
1603 804 1965 892 Philippus
2012 804 2075 868 V
2131 805 2195 869 ei
2243 804 2560 887 succedit,
2606 803 2797 868 nulla
2841 825 2917 867 re

574 918 770 1000 patet
812 913 981 978 fines
1022 912 1494 979 Macedonicos
1539 918 1841 978 mutatos
1888 933 2048 977 esse.

669 1020 793 1084 His
842 1021 1221 1086 constitutis
1268 1021 1491 1085 denuo
1537 1020 1842 1106 quaestio
1889 1024 2200 1106 ponatur,
2249 1018 2587 1105 quomodo
2633 1018 2917 1099 Antigo-

578 1150 704 1192 nus
751 1127 1053 1193 Gonatas
1098 1125 1268 1191 fines
1315 1148 1467 1192 suos
1511 1126 1905 1194 firmaverit.
1997 1124 2063 1190 A
2100 1131 2296 1212 parte
2341 1124 2666 1189 Thraciae
2712 1123 2917 1205 Galli,

577 1240 940 1321 postquam
1008 1233 1298 1299 Graecia
1365 1240 1432 1297 et
1502 1233 1902 1305 Macedonia
1949 1231 2130 1320 pulsi
2176 1237 2354 1315 sunt,
2416 1253 2702 1317 regnum
2747 1229 2920 1316 Tyle

509 1379 514 1385 ·
580 1340 1045 1408 condiderunt.
1119 1340 1436 1424 Quaestio
1482 1347 1753 1407 tantum
1810 1361 1950 1405 esse
1998 1342 2225 1427 potest
2273 1344 2500 1403 utrum
2531 1338 2636 1403 his
2661 1340 2731 1403 in
2755 1338 2919 1403 locis

581 1447 905 1535 Strymon
949 1448 1225 1532 flumen,
1274 1470 1364 1512 an
1407 1448 1659 1514 Nestus
1698 1449 2026 1512 terminus
2054 1447 2202 1534 agri
2222 1445 2640 1511 Macedonici
2666 1445 2921 1510 haben-

581 1557 706 1621 dus
752 1554 856 1620 sit.
953 1552 1027 1620 Si
1088 1560 1470 1643 spectamus
1533 1554 1755 1641 primo
1802 1553 1949 1619 1000
1999 1553 2086 1618 0(1
2130 1554 2539 1641 prudentem
2584 1551 2923 1639 Antigoni

579 1660 896 1746 indolem,
968 1662 1085 1748 qui
1151 1683 1306 1726 cum
1373 1662 1747 1728 necessario
1817 1682 2048 1727 omnes
2110 1661 2288 1726 vires
2335 1683 2490 1726 suas
2534 1660 2921 1725 intenderet

579 1767 667 1834 ad
714 1768 1208 1833 restituendum
1268 1771 1339 1833 in
1383 1769 1728 1856 integrum
1796 1790 2083 1854 regnum
2131 1791 2326 1833 suum
2371 1775 2476 1834 tot
2514 1767 2921 1833 calamitati—

580 1873 705 1940 bus
750 1882 1093 1957 vexatum,
1147 1877 1315 1942 adeo
1362 1882 1439 1941 ut
1486 1876 1971 1966 suspicandum
2031 1875 2121 1940 sit
2180 1897 2336 1940 eum
2381 1875 2606 1963 potius
2653 1895 2921 1940 0011008-

581 1983 742 2049 sisse
790 2005 986 2070 agros
1033 2005 1200 2070 quos
1244 1983 1514 2049 finitimi
1566 1983 1794 2070 aliquo
1833 1982 1988 2068 jure
2050 1982 2180 2047 sibi
2229 1982 2579 2048 vindicare
2623 1986 2924 2070 possent,

581 2113 786 2177 quam
854 2098 933 2155 111
1005 2096 1285 2180 propter
1352 2112 1464 2157 eos
1535 2091 1622 2155 in·
1679 2089 1934 2156 bellum
1993 2088 2475 2173 involveretur,
2525 2089 2581 2154 si
2628 2089 2924 2155 secundo

581 2198 729 2265 loco
799 2199 1211 2264 attendimus
1286 2199 1373 2264 ad
1442 2197 1899 2284 Antigoneam
1944 2197 2205 2280 urbem,
2251 2198 2592 2264 conditam
2643 2219 2683 2261 a
2726 2202 2926 2283 parte

582 2304 911 2371 Thraciae
972 2306 1061 2370 ad
1121 2304 1345 2371 fontes
1393 2305 1726 2370 Echedori
1781 2304 2100 2387 fluminiS,
2139 2311 2490 2391 tamquam
2534 2325 2926 2392 propugna-

583 2413 811 2478 culum
856 2420 1093 2477 contra
1137 2411 1480 2496 1101110108,
1527 2410 1718 2497 cujus
1766 2433 2014 2477 nomen
2062 2412 2207 2476 sine
2245 2411 2452 2476 dubio
2497 2409 2930 2502 Antigonum

584 2526 662 2584 ut
704 2519 1123 2586 conditorem
1167 2518 1425 2584 indicat
1451 2518 1522 2602 1),
1569 2525 1716 2583 tum
1765 2519 2244 2606 suspicandum
2287 2524 2389 2584 est
2439 2517 2525 2583 ab
2564 2518 2691 2583 h‘ac
2727 2524 2930 2606 parte

587 2622 1020 2713 Strymonem
1086 2625 1343 2692 flumen
1407 2626 1774 2692 terminum
1843 2625 2283 2692 Macedoniae
2351 2623 2610 2691 factum
2683 2646 2825 2691 esse
2853 2625 2927 2710 2),

586 2755 798 2820 usque
869 2736 953 2799 ad
1004 2732 1353 2800 Sintorum
1423 2755 1638 2819 08108,
1711 2735 1826 2820 qui
1887 2734 2011 2799 sub
2058 2733 2379 2823 Philippo
2426 2738 2495 2797 et
2531 2731 2929 2798 Alexandro

585 2846 657 2904 et
725 2862 955 2906 eorum
1027 2825 1515 2907 successoribus
1585 2841 1672 2906 ad
1737 2840 2210 2906 Macedoniam
2254 2840 2751 2927 pertinuerunt,
2799 2838 2931 2903 hoc

586 2954 891 3036 tempore
954 2954 1180 3013 autem
1228 2948 1450 3014 denuo
1494 2946 1693 3012 liberi
1742 2953 1916 3013 sunt.
1996 2945 2190 3025 Quod
2238 2947 2445 3012 etiam
2490 2945 2934 3012 confirmatur

590 3076 630 3118 a
679 3054 827 3120 viro
890 3054 1255 3121 clarissimo
1304 3054 1425 3120 Six
1472 3055 1590 3141 qui
1633 3076 1944 3120 nummos
1992 3053 2313 3119 describit
2356 3053 2534 3140 regis
2573 3052 2931 3140 cujusdam

588 3161 828 3244 Adaei,
869 3161 972 3241 1118
1018 3160 1435 3248 temporibus
1483 3159 1840 3228 Scotussae
1885 3161 2075 3227 sedes
2112 3159 2427 3227 habentis
2453 3159 2526 3247 3).

680 3268 874 3348 Quod
943 3275 1170 3334 autem
1242 3270 1326 3333 ad
1388 3275 1656 3356 partem
1726 3267 2323 3356 septentrionalem
2393 3267 2656 3352 attinet,
2727 3268 2932 3333 hodie

592 3377 753 3441 satis
806 3382 1084 3442 constat
1129 3375 1468 3442 Paeoniae
1524 3397 1812 3463 regnum
1854 3380 2010 3461 post
2056 3374 2425 3439 tumultum
2471 3375 2808 3441 Gallicum
2856 3376 2935 3441 in

590 3484 932 3569 integrum
1021 3482 1411 3548 restitutum
1502 3504 1664 3548 esse.
1756 3482 1937 3547 Nam
2025 3488 2505 3569 praeterquam
2592 3482 2767 3568 quod
2855 3484 2933 3547 in

590 3589 1031 3679 inscriptione
1119 3589 1224 3655 his
1313 3589 1734 3677 temporibus
1827 3588 2263 3653 attribuenda
2346 3589 2674 3671 (Dittenb.
2770 3576 2933 3676 208)

590 3697 899 3784 Dropion
966 3695 1246 3783 quidam
1307 3695 1609 3773 βασιλεὺς
1656 3694 1923 3759 Παιόνων
1968 3694 2073 3760 καὶ
2124 3694 2372 3771 κτίστης
2442 3695 2829 3785 appellatur
2853 3695 2929 3782 4),

592 3833 732 3842 —-

642 3920 695 3986 1)
732 3920 1025 3976 Demitsas.
1066 3922 1114 3974 2.
1138 3920 1259 3974 498.
1298 3919 1329 3976 ἧ
1364 3920 1455 3982 μὲν
1493 3923 1810 3984 Ἀντιγόνεια
1845 3921 2116 3969 κτισθεῖσα
2154 3917 2246 3969 ὑπὸ
2283 3922 2575 3984 Ἀντιγόνου
2610 3923 2704 3969 τοῦ
2740 3927 2936 3971 Γονατᾶ

589 4010 751 4059 ’ἔκειτο
804 4008 911 4072 περὶ
964 4009 1054 4066 τὴν
1108 4009 1272 4073 πηγὴν
1324 4013 1420 4058 τοῦ
1470 4008 1745 4072 Ἔχεδῶρου
1793 4011 2028 4070 ποταμοῦ
2074 4009 2188 4070 πρὸς
2223 4011 2359 4058 νότον
2394 4013 2490 4057 τῶν
2529 4008 2805 4071 Αἷστροιίων
2846 4008 2939 4058 καὶ

594 4097 807 4157 Μαίδων,
870 4097 955 4148 καὶ
991 4099 1105 4161 πρὸς
1141 4096 1316 4160 ἷέρκτον
1351 4101 1443 4146 τοῦ
1479 4099 1663 4161 Ἀβρὲτ
1699 4100 1882 4160 ’Io-5219,
1917 4096 2006 4147 καὶ
2041 4097 2274 4147 ἀπετέλει
2313 4100 2374 4147 τὸ
2409 4096 2937 4160 βορρειοδυτικῶτοιτον

595 4191 815 4250 μεθόριον
852 4191 943 4244 τῆς
979 4188 1287 4251 Κρηστονίας.
2664 4179 2671 4183 ’

647 4277 696 4345 2)
737 4277 938 4332 Strabo
975 4278 1077 4332 331
1116 4278 1182 4331 fr.
1218 4277 1289 4330 33
1326 4281 1384 4331 et
1417 4277 1502 4331 35.
1541 4277 1741 4348 Droys.
1777 4277 1827 4330 3.
1868 4279 1916 4330 1.
1953 4277 2041 4330 87.

647 4366 695 4433 3)
737 4368 851 4423 six.
890 4367 1168 4421 Annuaire
1206 4367 1653 4434 Numismatique
1694 4367 1846 4420 1883.
1885 4385 1939 4436 p.
1979 4367 2062 4418 11.

647 4456 696 4526 4)
733 4457 799 4511 ef.
836 4457 999 4511 Paus.
1040 4456 1123 4509 10.
1162 4456 1247 4509 13.
1288 4461 1337 4507 1.
