<?xml version="1.0" encoding="UTF-8"?>
<!DOCTYPE html PUBLIC "-//W3C//DTD XHTML 1.0 Transitional//EN"
    "http://www.w3.org/TR/xhtml1/DTD/xhtml1-transitional.dtd">
<html xmlns="http://www.w3.org/1999/xhtml" xml:lang="en" lang="en">
 <head>
  <title>
</title>
<meta http-equiv="Content-Type" content="text/html;charset=utf-8" />
  <meta name='ocr-system' content='tesseract 3.04.00' />
  <meta name='ocr-capabilities' content='ocr_page ocr_carea ocr_par ocr_line ocrx_word'/>
</head>
<body>
  <div class='ocr_page' id='page_1' title='image "./definibusregnim01breegoog_0113.png"; bbox 0 0 3338 5350; ppageno 0'>
   <div class='ocr_carea' id='block_1_1' title="bbox 1510 489 1594 552">
    <p class='ocr_par' dir='ltr' id='par_1_1' title="bbox 1510 489 1594 552">
     <span class='ocr_line' id='line_1_1' title="bbox 1510 489 1594 552; baseline 0 0"><span class='ocrx_word' id='word_1_1' title='bbox 1510 489 1594 552; x_wconf 85' lang='lat'>63</span> 
     </span>
    </p>
   </div>
   <div class='ocr_carea' id='block_1_2' title="bbox 375 681 2724 984">
    <p class='ocr_par' dir='ltr' id='par_1_2' title="bbox 375 681 2724 984">
     <span class='ocr_line' id='line_1_2' title="bbox 375 681 2720 771; baseline -0 -23"><span class='ocrx_word' id='word_1_2' title='bbox 375 682 642 771; x_wconf 78' lang='lat' dir='ltr'>Minore</span> <span class='ocrx_word' id='word_1_3' title='bbox 707 684 996 771; x_wconf 84' lang='lat' dir='ltr'>imperio</span> <span class='ocrx_word' id='word_1_4' title='bbox 1058 681 1421 769; x_wconf 85' lang='lat' dir='ltr'>adjunctae</span> <span class='ocrx_word' id='word_1_5' title='bbox 1489 690 1687 766; x_wconf 90' lang='lat' dir='ltr'>sunt;</span> <span class='ocrx_word' id='word_1_6' title='bbox 1759 683 1920 748; x_wconf 90' lang='lat' dir='ltr'>inde</span> <span class='ocrx_word' id='word_1_7' title='bbox 1987 683 2072 748; x_wconf 90' lang='lat' dir='ltr'>ab</span> <span class='ocrx_word' id='word_1_8' title='bbox 2141 684 2269 749; x_wconf 91' lang='lat' dir='ltr'>hoc</span> <span class='ocrx_word' id='word_1_9' title='bbox 2341 703 2517 748; x_wconf 91' lang='lat' dir='ltr'>anno</span> <span class='ocrx_word' id='word_1_10' title='bbox 2562 703 2720 769; x_wconf 90' lang='lat' dir='ltr'>pars</span> 
     </span>
     <span class='ocr_line' id='line_1_3' title="bbox 380 789 2724 877; baseline 0 -23"><span class='ocrx_word' id='word_1_11' title='bbox 380 789 685 855; x_wconf 89' lang='lat' dir='ltr'>Asiatica</span> <span class='ocrx_word' id='word_1_12' title='bbox 753 791 1020 877; x_wconf 87' lang='lat' dir='ltr'>imperii</span> <span class='ocrx_word' id='word_1_13' title='bbox 1090 790 1510 856; x_wconf 78' lang='lat' dir='ltr'>Macedonici</span> <span class='ocrx_word' id='word_1_14' title='bbox 1577 791 1854 874; x_wconf 89' lang='lat' dir='ltr'>exstitit,</span> <span class='ocrx_word' id='word_1_15' title='bbox 1941 790 2049 855; x_wconf 91' lang='lat' dir='ltr'>cui</span> <span class='ocrx_word' id='word_1_16' title='bbox 2118 790 2435 876; x_wconf 77' lang='lat' dir='ltr'>deinceps</span> <span class='ocrx_word' id='word_1_17' title='bbox 2503 810 2724 854; x_wconf 85' lang='lat' dir='ltr'>novae</span> 
     </span>
     <span class='ocr_line' id='line_1_4' title="bbox 382 896 2723 984; baseline 0 -24"><span class='ocrx_word' id='word_1_18' title='bbox 382 897 691 983; x_wconf 84' lang='lat' dir='ltr'>regiones</span> <span class='ocrx_word' id='word_1_19' title='bbox 763 897 873 984; x_wconf 87' lang='lat' dir='ltr'>adj</span> <span class='ocrx_word' id='word_1_20' title='bbox 883 903 1125 962; x_wconf 90' lang='lat' dir='ltr'>unctae</span> <span class='ocrx_word' id='word_1_21' title='bbox 1194 903 1370 981; x_wconf 88' lang='lat' dir='ltr'>sunt,</span> <span class='ocrx_word' id='word_1_22' title='bbox 1440 918 1660 983; x_wconf 91' lang='lat' dir='ltr'>neque</span> <span class='ocrx_word' id='word_1_23' title='bbox 1721 918 2018 962; x_wconf 89' lang='lat' dir='ltr'>crescere</span> <span class='ocrx_word' id='word_1_24' title='bbox 2064 896 2283 979; x_wconf 90' lang='lat' dir='ltr'>desiit,</span> <span class='ocrx_word' id='word_1_25' title='bbox 2357 901 2723 982; x_wconf 72' lang='lat' dir='ltr'>antequam</span> 
     </span>
    </p>
   </div>
   <div class='ocr_carea' id='block_1_3' title="bbox 277 1002 2725 1091">
    <p class='ocr_par' dir='ltr' id='par_1_3' title="bbox 277 1002 2725 1091">
     <span class='ocr_line' id='line_1_5' title="bbox 277 1002 2725 1091; baseline -0 -24"><span class='ocrx_word' id='word_1_26' title='bbox 277 1084 286 1091; x_wconf 24' lang='grc' dir='ltr'><strong>ο</strong></span> <span class='ocrx_word' id='word_1_27' title='bbox 386 1002 780 1069; x_wconf 83' lang='lat' dir='ltr'>Alexander</span> <span class='ocrx_word' id='word_1_28' title='bbox 828 1026 1003 1070; x_wconf 88' lang='lat' dir='ltr'>anno</span> <span class='ocrx_word' id='word_1_29' title='bbox 1050 1005 1180 1068; x_wconf 83' lang='lat'>325</span> <span class='ocrx_word' id='word_1_30' title='bbox 1226 1004 1298 1068; x_wconf 90' lang='lat' dir='ltr'>in</span> <span class='ocrx_word' id='word_1_31' title='bbox 1344 1004 1613 1068; x_wconf 90' lang='lat' dir='ltr'>Indiam</span> <span class='ocrx_word' id='word_1_32' title='bbox 1658 1003 2065 1091; x_wconf 85' lang='lat' dir='ltr'>penetravit,</span> <span class='ocrx_word' id='word_1_33' title='bbox 2137 1002 2252 1067; x_wconf 92' lang='lat' dir='ltr'>ubi</span> <span class='ocrx_word' id='word_1_34' title='bbox 2298 1003 2725 1089; x_wconf 86' lang='lat' dir='ltr'>Babylonem</span> 
     </span>
    </p>
   </div>
   <div class='ocr_carea' id='block_1_4' title="bbox 375 1109 2735 4301">
    <p class='ocr_par' dir='ltr' id='par_1_4' title="bbox 386 1109 2727 1733">
     <span class='ocr_line' id='line_1_6' title="bbox 386 1109 2723 1197; baseline 0 -22"><span class='ocrx_word' id='word_1_35' title='bbox 386 1111 641 1175; x_wconf 81' lang='lat' dir='ltr'>reverti</span> <span class='ocrx_word' id='word_1_36' title='bbox 659 1110 1025 1176; x_wconf 86' lang='lat' dir='ltr'>constituit.</span> <span class='ocrx_word' id='word_1_37' title='bbox 1047 1111 1357 1177; x_wconf 88' lang='lat' dir='ltr'>Aliorum</span> <span class='ocrx_word' id='word_1_38' title='bbox 1378 1132 1644 1197; x_wconf 92' lang='lat' dir='ltr'>quoque</span> <span class='ocrx_word' id='word_1_39' title='bbox 1661 1132 2064 1197; x_wconf 86' lang='lat' dir='ltr'>magnorum</span> <span class='ocrx_word' id='word_1_40' title='bbox 2079 1109 2510 1176; x_wconf 88' lang='lat' dir='ltr'>consiliorum</span> <span class='ocrx_word' id='word_1_41' title='bbox 2524 1110 2723 1195; x_wconf 78' lang='lat' dir='ltr'>regiS,</span> 
     </span>
     <span class='ocr_line' id='line_1_7' title="bbox 393 1216 2722 1305; baseline -0 -23"><span class='ocrx_word' id='word_1_42' title='bbox 393 1218 480 1282; x_wconf 88' lang='lat' dir='ltr'>ad</span> <span class='ocrx_word' id='word_1_43' title='bbox 546 1217 841 1304; x_wconf 79' lang='lat' dir='ltr'>Libyam</span> <span class='ocrx_word' id='word_1_44' title='bbox 903 1218 1355 1305; x_wconf 66' lang='lat' dir='ltr'>spectantium</span> <span class='ocrx_word' id='word_1_45' title='bbox 1420 1219 1746 1283; x_wconf 89' lang='lat' dir='ltr'>memoria</span> <span class='ocrx_word' id='word_1_46' title='bbox 1810 1224 2103 1284; x_wconf 90' lang='lat' dir='ltr'>aetatem</span> <span class='ocrx_word' id='word_1_47' title='bbox 2146 1216 2307 1282; x_wconf 87' lang='lat' dir='ltr'>tulit</span> <span class='ocrx_word' id='word_1_48' title='bbox 2353 1217 2623 1303; x_wconf 89' lang='lat' dir='ltr'>quidem</span> <span class='ocrx_word' id='word_1_49' title='bbox 2649 1220 2722 1301; x_wconf 85' lang='lat'>1),</span> 
     </span>
     <span class='ocr_line' id='line_1_8' title="bbox 390 1325 2723 1411; baseline 0 -23"><span class='ocrx_word' id='word_1_50' title='bbox 390 1345 515 1388; x_wconf 92' lang='lat' dir='ltr'>nec</span> <span class='ocrx_word' id='word_1_51' title='bbox 557 1330 791 1389; x_wconf 90' lang='lat' dir='ltr'>tamen</span> <span class='ocrx_word' id='word_1_52' title='bbox 857 1330 1050 1411; x_wconf 88' lang='lat' dir='ltr'>patet</span> <span class='ocrx_word' id='word_1_53' title='bbox 1117 1346 1349 1410; x_wconf 90' lang='lat' dir='ltr'>regem</span> <span class='ocrx_word' id='word_1_54' title='bbox 1416 1325 1779 1410; x_wconf 91' lang='lat' dir='ltr'>quicquam</span> <span class='ocrx_word' id='word_1_55' title='bbox 1848 1345 2080 1389; x_wconf 91' lang='lat' dir='ltr'>eorum</span> <span class='ocrx_word' id='word_1_56' title='bbox 2127 1331 2515 1389; x_wconf 90' lang='lat' dir='ltr'>exsecutum</span> <span class='ocrx_word' id='word_1_57' title='bbox 2561 1344 2723 1406; x_wconf 90' lang='lat' dir='ltr'>esse,</span> 
     </span>
     <span class='ocr_line' id='line_1_9' title="bbox 392 1431 2727 1519; baseline -0 -23"><span class='ocrx_word' id='word_1_58' title='bbox 392 1432 560 1497; x_wconf 90' lang='lat' dir='ltr'>adeo</span> <span class='ocrx_word' id='word_1_59' title='bbox 621 1437 700 1495; x_wconf 92' lang='lat' dir='ltr'>ut</span> <span class='ocrx_word' id='word_1_60' title='bbox 746 1431 880 1497; x_wconf 87' lang='lat' dir='ltr'>dici</span> <span class='ocrx_word' id='word_1_61' title='bbox 923 1432 1136 1519; x_wconf 90' lang='lat' dir='ltr'>possit</span> <span class='ocrx_word' id='word_1_62' title='bbox 1182 1454 1359 1498; x_wconf 90' lang='lat' dir='ltr'>anno</span> <span class='ocrx_word' id='word_1_63' title='bbox 1400 1432 1534 1496; x_wconf 80' lang='lat'>325</span> <span class='ocrx_word' id='word_1_64' title='bbox 1580 1453 1907 1518; x_wconf 84' lang='lat' dir='ltr'>magnum</span> <span class='ocrx_word' id='word_1_65' title='bbox 1950 1431 2118 1496; x_wconf 90' lang='lat' dir='ltr'>illud</span> <span class='ocrx_word' id='word_1_66' title='bbox 2165 1432 2527 1519; x_wconf 91' lang='lat' dir='ltr'>imperium</span> <span class='ocrx_word' id='word_1_67' title='bbox 2573 1451 2727 1495; x_wconf 91' lang='lat' dir='ltr'>con·</span> 
     </span>
     <span class='ocr_line' id='line_1_10' title="bbox 391 1537 2727 1627; baseline -0 -25"><span class='ocrx_word' id='word_1_68' title='bbox 391 1539 704 1603; x_wconf 88' lang='lat' dir='ltr'>stitutum</span> <span class='ocrx_word' id='word_1_69' title='bbox 750 1537 978 1621; x_wconf 85' lang='lat' dir='ltr'>fuisse,</span> <span class='ocrx_word' id='word_1_70' title='bbox 1026 1539 1134 1604; x_wconf 91' lang='lat' dir='ltr'>cui</span> <span class='ocrx_word' id='word_1_71' title='bbox 1176 1544 1409 1604; x_wconf 88' lang='lat' dir='ltr'>tamen</span> <span class='ocrx_word' id='word_1_72' title='bbox 1456 1537 1847 1604; x_wconf 76' lang='lat' dir='ltr'>Alexander</span> <span class='ocrx_word' id='word_1_73' title='bbox 1892 1545 2047 1627; x_wconf 92' lang='lat' dir='ltr'>post</span> <span class='ocrx_word' id='word_1_74' title='bbox 2091 1538 2389 1604; x_wconf 91' lang='lat' dir='ltr'>reditum</span> <span class='ocrx_word' id='word_1_75' title='bbox 2434 1559 2631 1603; x_wconf 92' lang='lat' dir='ltr'>suum</span> <span class='ocrx_word' id='word_1_76' title='bbox 2652 1538 2727 1601; x_wconf 91' lang='lat' dir='ltr'>in</span> 
     </span>
     <span class='ocr_line' id='line_1_11' title="bbox 387 1644 2072 1733; baseline -0.001 -22"><span class='ocrx_word' id='word_1_77' title='bbox 387 1644 838 1731; x_wconf 85' lang='lat' dir='ltr'>Babylonem,</span> <span class='ocrx_word' id='word_1_78' title='bbox 883 1667 1021 1711; x_wconf 88' lang='lat' dir='ltr'>non</span> <span class='ocrx_word' id='word_1_79' title='bbox 1068 1645 1283 1711; x_wconf 92' lang='lat' dir='ltr'>multo</span> <span class='ocrx_word' id='word_1_80' title='bbox 1328 1645 1482 1733; x_wconf 88' lang='lat' dir='ltr'>plus</span> <span class='ocrx_word' id='word_1_81' title='bbox 1531 1667 1710 1711; x_wconf 89' lang='lat' dir='ltr'>anno</span> <span class='ocrx_word' id='word_1_82' title='bbox 1755 1645 2072 1733; x_wconf 76' lang='lat' dir='ltr'>praefuit.</span> 
     </span>
    </p>

    <p class='ocr_par' dir='ltr' id='par_1_5' title="bbox 382 1751 2732 3658">
     <span class='ocr_line' id='line_1_12' title="bbox 477 1751 2727 1840; baseline -0 -23"><span class='ocrx_word' id='word_1_83' title='bbox 477 1751 720 1838; x_wconf 86' lang='lat' dir='ltr'>Neque</span> <span class='ocrx_word' id='word_1_84' title='bbox 789 1752 1004 1837; x_wconf 86' lang='lat' dir='ltr'>magis</span> <span class='ocrx_word' id='word_1_85' title='bbox 1075 1774 1279 1837; x_wconf 88' lang='lat' dir='ltr'>quam</span> <span class='ocrx_word' id='word_1_86' title='bbox 1343 1773 1480 1817; x_wconf 93' lang='lat' dir='ltr'>uno</span> <span class='ocrx_word' id='word_1_87' title='bbox 1547 1758 1803 1840; x_wconf 89' lang='lat' dir='ltr'>puncto</span> <span class='ocrx_word' id='word_1_88' title='bbox 1881 1752 2204 1839; x_wconf 84' lang='lat' dir='ltr'>temporis</span> <span class='ocrx_word' id='word_1_89' title='bbox 2271 1752 2503 1817; x_wconf 87' lang='lat' dir='ltr'>variae</span> <span class='ocrx_word' id='word_1_90' title='bbox 2567 1751 2727 1816; x_wconf 90' lang='lat' dir='ltr'>illae</span> 
     </span>
     <span class='ocr_line' id='line_1_13' title="bbox 385 1858 2726 1948; baseline 0 -25"><span class='ocrx_word' id='word_1_91' title='bbox 385 1859 700 1945; x_wconf 82' lang='lat' dir='ltr'>regiones</span> <span class='ocrx_word' id='word_1_92' title='bbox 745 1860 819 1923; x_wconf 89' lang='lat' dir='ltr'>in</span> <span class='ocrx_word' id='word_1_93' title='bbox 865 1881 1076 1924; x_wconf 91' lang='lat' dir='ltr'>unum</span> <span class='ocrx_word' id='word_1_94' title='bbox 1136 1859 1535 1945; x_wconf 89' lang='lat' dir='ltr'>conjunctae</span> <span class='ocrx_word' id='word_1_95' title='bbox 1580 1866 1758 1943; x_wconf 82' lang='lat' dir='ltr'>sunt,</span> <span class='ocrx_word' id='word_1_96' title='bbox 1803 1859 2164 1948; x_wconf 88' lang='lat' dir='ltr'>imperium</span> <span class='ocrx_word' id='word_1_97' title='bbox 2210 1858 2582 1925; x_wconf 86' lang='lat' dir='ltr'>Alexandri</span> <span class='ocrx_word' id='word_1_98' title='bbox 2625 1881 2726 1924; x_wconf 94' lang='lat' dir='ltr'>re-</span> 
     </span>
     <span class='ocr_line' id='line_1_14' title="bbox 383 1965 2729 2055; baseline -0.001 -23"><span class='ocrx_word' id='word_1_99' title='bbox 383 1967 672 2055; x_wconf 88' lang='lat' dir='ltr'>pentino</span> <span class='ocrx_word' id='word_1_100' title='bbox 718 1988 880 2033; x_wconf 87' lang='lat' dir='ltr'>casu</span> <span class='ocrx_word' id='word_1_101' title='bbox 924 1967 1323 2033; x_wconf 87' lang='lat' dir='ltr'>dissolutum</span> <span class='ocrx_word' id='word_1_102' title='bbox 1371 1973 1487 2033; x_wconf 92' lang='lat' dir='ltr'>est.</span> <span class='ocrx_word' id='word_1_103' title='bbox 1535 1966 1728 2032; x_wconf 84' lang='lat' dir='ltr'>Finis</span> <span class='ocrx_word' id='word_1_104' title='bbox 1767 1967 1949 2032; x_wconf 88' lang='lat' dir='ltr'>enim</span> <span class='ocrx_word' id='word_1_105' title='bbox 1995 1967 2263 2055; x_wconf 89' lang='lat' dir='ltr'>imperii</span> <span class='ocrx_word' id='word_1_106' title='bbox 2308 1965 2729 2032; x_wconf 88' lang='lat' dir='ltr'>Macedonici</span> 
     </span>
     <span class='ocr_line' id='line_1_15' title="bbox 382 2073 2726 2162; baseline -0.001 -23"><span class='ocrx_word' id='word_1_107' title='bbox 382 2075 464 2139; x_wconf 87' lang='lat' dir='ltr'>in</span> <span class='ocrx_word' id='word_1_108' title='bbox 510 2073 696 2157; x_wconf 89' lang='lat' dir='ltr'>Asia,</span> <span class='ocrx_word' id='word_1_109' title='bbox 768 2075 849 2157; x_wconf 88' lang='lat' dir='ltr'>(si</span> <span class='ocrx_word' id='word_1_110' title='bbox 919 2074 1193 2160; x_wconf 90' lang='lat' dir='ltr'>quidem</span> <span class='ocrx_word' id='word_1_111' title='bbox 1275 2080 1656 2162; x_wconf 73' lang='lat' dir='ltr'>spectamus</span> <span class='ocrx_word' id='word_1_112' title='bbox 1732 2075 1820 2140; x_wconf 88' lang='lat' dir='ltr'>ad</span> <span class='ocrx_word' id='word_1_113' title='bbox 1890 2074 2422 2140; x_wconf 83' lang='lat' dir='ltr'>dominationem</span> <span class='ocrx_word' id='word_1_114' title='bbox 2489 2094 2726 2159; x_wconf 90' lang='lat' dir='ltr'>regum</span> 
     </span>
     <span class='ocr_line' id='line_1_16' title="bbox 386 2180 2728 2269; baseline 0 -24"><span class='ocrx_word' id='word_1_115' title='bbox 386 2181 1005 2263; x_wconf 88' lang='lat' dir='ltr'>Macedonicorum)</span> <span class='ocrx_word' id='word_1_116' title='bbox 1093 2187 1536 2269; x_wconf 86' lang='lat' dir='ltr'>praeparatus</span> <span class='ocrx_word' id='word_1_117' title='bbox 1613 2186 1711 2245; x_wconf 85' lang='lat' dir='ltr'>est</span> <span class='ocrx_word' id='word_1_118' title='bbox 1803 2180 2240 2247; x_wconf 77' lang='lat' dir='ltr'>dissolutione</span> <span class='ocrx_word' id='word_1_119' title='bbox 2307 2181 2728 2246; x_wconf 84' lang='lat' dir='ltr'>diversarum</span> 
     </span>
     <span class='ocr_line' id='line_1_17' title="bbox 383 2288 2728 2378; baseline -0.001 -25"><span class='ocrx_word' id='word_1_120' title='bbox 383 2288 712 2376; x_wconf 86' lang='lat' dir='ltr'>partium.</span> <span class='ocrx_word' id='word_1_121' title='bbox 819 2289 1121 2355; x_wconf 90' lang='lat' dir='ltr'>Historia</span> <span class='ocrx_word' id='word_1_122' title='bbox 1186 2289 1456 2378; x_wconf 91' lang='lat' dir='ltr'>copiose</span> <span class='ocrx_word' id='word_1_123' title='bbox 1522 2289 1887 2353; x_wconf 89' lang='lat' dir='ltr'>memoriae</span> <span class='ocrx_word' id='word_1_124' title='bbox 1958 2288 2261 2376; x_wconf 89' lang='lat' dir='ltr'>prodidit</span> <span class='ocrx_word' id='word_1_125' title='bbox 2327 2309 2433 2353; x_wconf 92' lang='lat' dir='ltr'>res</span> <span class='ocrx_word' id='word_1_126' title='bbox 2502 2293 2728 2373; x_wconf 89' lang='lat' dir='ltr'>gestas</span> 
     </span>
     <span class='ocr_line' id='line_1_18' title="bbox 385 2395 2729 2484; baseline -0.001 -24"><span class='ocrx_word' id='word_1_127' title='bbox 385 2401 784 2484; x_wconf 87' lang='lat' dir='ltr'>praetorum</span> <span class='ocrx_word' id='word_1_128' title='bbox 832 2396 1206 2462; x_wconf 85' lang='lat' dir='ltr'>Alexandri</span> <span class='ocrx_word' id='word_1_129' title='bbox 1250 2403 1406 2484; x_wconf 90' lang='lat' dir='ltr'>post</span> <span class='ocrx_word' id='word_1_130' title='bbox 1441 2397 1619 2481; x_wconf 86' lang='lat' dir='ltr'>regis</span> <span class='ocrx_word' id='word_1_131' title='bbox 1644 2401 1963 2475; x_wconf 91' lang='lat' dir='ltr'>mortem;</span> <span class='ocrx_word' id='word_1_132' title='bbox 2013 2418 2300 2482; x_wconf 87' lang='lat' dir='ltr'>quarum</span> <span class='ocrx_word' id='word_1_133' title='bbox 2322 2395 2729 2482; x_wconf 89' lang='lat' dir='ltr'>praecipuae</span> 
     </span>
     <span class='ocr_line' id='line_1_19' title="bbox 386 2503 2728 2590; baseline -0 -23"><span class='ocrx_word' id='word_1_134' title='bbox 386 2507 726 2589; x_wconf 90' lang='lat' dir='ltr'>quantum</span> <span class='ocrx_word' id='word_1_135' title='bbox 771 2503 1117 2590; x_wconf 70' lang='lat' dir='ltr'>pertinent</span> <span class='ocrx_word' id='word_1_136' title='bbox 1164 2504 1248 2568; x_wconf 88' lang='lat' dir='ltr'>ad</span> <span class='ocrx_word' id='word_1_137' title='bbox 1297 2503 1648 2569; x_wconf 88' lang='lat' dir='ltr'>historiam</span> <span class='ocrx_word' id='word_1_138' title='bbox 1694 2503 1961 2590; x_wconf 88' lang='lat' dir='ltr'>imperii</span> <span class='ocrx_word' id='word_1_139' title='bbox 2006 2503 2079 2566; x_wconf 89' lang='lat' dir='ltr'>in</span> <span class='ocrx_word' id='word_1_140' title='bbox 2123 2503 2207 2567; x_wconf 87' lang='lat' dir='ltr'>iis</span> <span class='ocrx_word' id='word_1_141' title='bbox 2235 2524 2408 2588; x_wconf 92' lang='lat' dir='ltr'>quae</span> <span class='ocrx_word' id='word_1_142' title='bbox 2438 2523 2728 2587; x_wconf 91' lang='lat' dir='ltr'>sequun-</span> 
     </span>
     <span class='ocr_line' id='line_1_20' title="bbox 384 2606 2732 2697; baseline -0.001 -23"><span class='ocrx_word' id='word_1_143' title='bbox 384 2616 506 2674; x_wconf 88' lang='lat' dir='ltr'>tur</span> <span class='ocrx_word' id='word_1_144' title='bbox 543 2609 727 2674; x_wconf 88' lang='lat' dir='ltr'>haud</span> <span class='ocrx_word' id='word_1_145' title='bbox 774 2608 1225 2697; x_wconf 87' lang='lat' dir='ltr'>negligendae</span> <span class='ocrx_word' id='word_1_146' title='bbox 1273 2615 1487 2675; x_wconf 90' lang='lat' dir='ltr'>erunt.</span> <span class='ocrx_word' id='word_1_147' title='bbox 1557 2610 1822 2675; x_wconf 90' lang='lat' dir='ltr'>Docent</span> <span class='ocrx_word' id='word_1_148' title='bbox 1866 2610 2049 2675; x_wconf 89' lang='lat' dir='ltr'>enim</span> <span class='ocrx_word' id='word_1_149' title='bbox 2094 2630 2430 2696; x_wconf 89' lang='lat' dir='ltr'>quaenam</span> <span class='ocrx_word' id='word_1_150' title='bbox 2475 2606 2732 2673; x_wconf 85' lang='lat' dir='ltr'>fuerint</span> 
     </span>
     <span class='ocr_line' id='line_1_21' title="bbox 384 2716 2730 2805; baseline -0 -24"><span class='ocrx_word' id='word_1_151' title='bbox 384 2738 740 2804; x_wconf 87' lang='lat' dir='ltr'>personae,</span> <span class='ocrx_word' id='word_1_152' title='bbox 807 2739 981 2803; x_wconf 90' lang='lat' dir='ltr'>quae</span> <span class='ocrx_word' id='word_1_153' title='bbox 1039 2724 1196 2805; x_wconf 91' lang='lat' dir='ltr'>post</span> <span class='ocrx_word' id='word_1_154' title='bbox 1275 2717 1649 2783; x_wconf 87' lang='lat' dir='ltr'>Alexandri</span> <span class='ocrx_word' id='word_1_155' title='bbox 1737 2725 2021 2784; x_wconf 92' lang='lat' dir='ltr'>mortem</span> <span class='ocrx_word' id='word_1_156' title='bbox 2111 2723 2518 2805; x_wconf 88' lang='lat' dir='ltr'>potestatem</span> <span class='ocrx_word' id='word_1_157' title='bbox 2585 2716 2730 2801; x_wconf 89' lang='lat' dir='ltr'>ejus</span> 
     </span>
     <span class='ocr_line' id='line_1_22' title="bbox 385 2822 2730 2911; baseline -0 -23"><span class='ocrx_word' id='word_1_158' title='bbox 385 2824 773 2889; x_wconf 87' lang='lat' dir='ltr'>hereditate</span> <span class='ocrx_word' id='word_1_159' title='bbox 844 2824 1345 2911; x_wconf 84' lang='lat' dir='ltr'>acquisiverint,</span> <span class='ocrx_word' id='word_1_160' title='bbox 1393 2825 1507 2891; x_wconf 83' lang='lat' dir='ltr'>vel</span> <span class='ocrx_word' id='word_1_161' title='bbox 1552 2825 1681 2890; x_wconf 89' lang='lat' dir='ltr'>sibi</span> <span class='ocrx_word' id='word_1_162' title='bbox 1726 2825 2261 2909; x_wconf 84' lang='lat' dir='ltr'>vindicaverint3</span> <span class='ocrx_word' id='word_1_163' title='bbox 2322 2824 2603 2910; x_wconf 89' lang='lat' dir='ltr'>quinam</span> <span class='ocrx_word' id='word_1_164' title='bbox 2647 2822 2730 2887; x_wconf 88' lang='lat' dir='ltr'>iis</span> 
     </span>
     <span class='ocr_line' id='line_1_23' title="bbox 389 2930 2731 3018; baseline -0 -23"><span class='ocrx_word' id='word_1_165' title='bbox 389 2931 739 2996; x_wconf 84' lang='lat' dir='ltr'>adversati</span> <span class='ocrx_word' id='word_1_166' title='bbox 784 2930 940 3015; x_wconf 83' lang='lat' dir='ltr'>sint,</span> <span class='ocrx_word' id='word_1_167' title='bbox 987 2937 1058 2997; x_wconf 94' lang='lat' dir='ltr'>et</span> <span class='ocrx_word' id='word_1_168' title='bbox 1104 2953 1398 3017; x_wconf 93' lang='lat' dir='ltr'>quonam</span> <span class='ocrx_word' id='word_1_169' title='bbox 1445 2938 1728 3013; x_wconf 81' lang='lat' dir='ltr'>eventu3</span> <span class='ocrx_word' id='word_1_170' title='bbox 1792 2931 2072 3018; x_wconf 87' lang='lat' dir='ltr'>quinam</span> <span class='ocrx_word' id='word_1_171' title='bbox 2118 2931 2248 2995; x_wconf 87' lang='lat' dir='ltr'>sibi</span> <span class='ocrx_word' id='word_1_172' title='bbox 2292 2952 2473 2996; x_wconf 87' lang='lat' dir='ltr'>nova</span> <span class='ocrx_word' id='word_1_173' title='bbox 2518 2951 2731 3015; x_wconf 89' lang='lat' dir='ltr'>regna</span> 
     </span>
     <span class='ocr_line' id='line_1_24' title="bbox 385 3036 2730 3124; baseline 0 -23"><span class='ocrx_word' id='word_1_174' title='bbox 385 3037 940 3124; x_wconf 82' lang='lat' dir='ltr'>comparaverint</span> <span class='ocrx_word' id='word_1_175' title='bbox 980 3044 1057 3103; x_wconf 89' lang='lat' dir='ltr'>et</span> <span class='ocrx_word' id='word_1_176' title='bbox 1102 3039 1375 3124; x_wconf 90' lang='lat' dir='ltr'>quando</span> <span class='ocrx_word' id='word_1_177' title='bbox 1419 3039 1492 3103; x_wconf 88' lang='lat' dir='ltr'>id</span> <span class='ocrx_word' id='word_1_178' title='bbox 1539 3037 1845 3104; x_wconf 89' lang='lat' dir='ltr'>fecerint.</span> <span class='ocrx_word' id='word_1_179' title='bbox 1891 3037 2043 3103; x_wconf 90' lang='lat' dir='ltr'>Hae</span> <span class='ocrx_word' id='word_1_180' title='bbox 2087 3059 2318 3103; x_wconf 90' lang='lat' dir='ltr'>omnes</span> <span class='ocrx_word' id='word_1_181' title='bbox 2365 3058 2471 3103; x_wconf 91' lang='lat' dir='ltr'>res</span> <span class='ocrx_word' id='word_1_182' title='bbox 2521 3036 2730 3122; x_wconf 87' lang='lat' dir='ltr'>vulgo</span> 
     </span>
     <span class='ocr_line' id='line_1_25' title="bbox 384 3144 2732 3232; baseline -0 -24"><span class='ocrx_word' id='word_1_183' title='bbox 384 3144 776 3208; x_wconf 85' lang='lat' dir='ltr'>narrandae</span> <span class='ocrx_word' id='word_1_184' title='bbox 821 3150 998 3227; x_wconf 89' lang='lat' dir='ltr'>sunt,</span> <span class='ocrx_word' id='word_1_185' title='bbox 1047 3145 1104 3209; x_wconf 90' lang='lat' dir='ltr'>si</span> <span class='ocrx_word' id='word_1_186' title='bbox 1149 3145 1299 3231; x_wconf 91' lang='lat' dir='ltr'>quis</span> <span class='ocrx_word' id='word_1_187' title='bbox 1345 3144 1474 3210; x_wconf 90' lang='lat' dir='ltr'>sibi</span> <span class='ocrx_word' id='word_1_188' title='bbox 1517 3144 1940 3232; x_wconf 82' lang='lat' dir='ltr'>proposuerit</span> <span class='ocrx_word' id='word_1_189' title='bbox 1982 3144 2356 3209; x_wconf 89' lang='lat' dir='ltr'>describere</span> <span class='ocrx_word' id='word_1_190' title='bbox 2379 3144 2732 3208; x_wconf 88' lang='lat' dir='ltr'>interitum</span> 
     </span>
     <span class='ocr_line' id='line_1_26' title="bbox 383 3250 2732 3338; baseline 0 -24"><span class='ocrx_word' id='word_1_191' title='bbox 383 3250 663 3338; x_wconf 86' lang='lat' dir='ltr'>imperii</span> <span class='ocrx_word' id='word_1_192' title='bbox 722 3250 1160 3316; x_wconf 89' lang='lat' dir='ltr'>Macedonici.</span> <span class='ocrx_word' id='word_1_193' title='bbox 1254 3251 1581 3316; x_wconf 91' lang='lat' dir='ltr'>Attamen</span> <span class='ocrx_word' id='word_1_194' title='bbox 1626 3252 1930 3337; x_wconf 88' lang='lat' dir='ltr'>quaestio</span> <span class='ocrx_word' id='word_1_195' title='bbox 2000 3251 2325 3337; x_wconf 83' lang='lat' dir='ltr'>quamdiu</span> <span class='ocrx_word' id='word_1_196' title='bbox 2370 3251 2732 3338; x_wconf 84' lang='lat' dir='ltr'>imperium</span> 
     </span>
     <span class='ocr_line' id='line_1_27' title="bbox 386 3357 2732 3445; baseline 0 -22"><span class='ocrx_word' id='word_1_197' title='bbox 386 3357 657 3423; x_wconf 83' lang='lat' dir='ltr'>steterit</span> <span class='ocrx_word' id='word_1_198' title='bbox 699 3363 856 3445; x_wconf 89' lang='lat' dir='ltr'>post</span> <span class='ocrx_word' id='word_1_199' title='bbox 897 3357 1273 3434; x_wconf 79' lang='lat' dir='ltr'>Alexandri</span> <span class='ocrx_word' id='word_1_200' title='bbox 1306 3364 1613 3442; x_wconf 90' lang='lat' dir='ltr'>mortem,</span> <span class='ocrx_word' id='word_1_201' title='bbox 1662 3358 1946 3445; x_wconf 89' lang='lat' dir='ltr'>singulis</span> <span class='ocrx_word' id='word_1_202' title='bbox 1990 3358 2065 3423; x_wconf 89' lang='lat' dir='ltr'>in</span> <span class='ocrx_word' id='word_1_203' title='bbox 2094 3358 2403 3445; x_wconf 90' lang='lat' dir='ltr'>partibus</span> <span class='ocrx_word' id='word_1_204' title='bbox 2426 3358 2732 3423; x_wconf 92' lang='lat' dir='ltr'>nondum</span> 
     </span>
     <span class='ocr_line' id='line_1_28' title="bbox 385 3464 2728 3552; baseline 0 -23"><span class='ocrx_word' id='word_1_205' title='bbox 385 3464 725 3530; x_wconf 85' lang='lat' dir='ltr'>dissoluta</span> <span class='ocrx_word' id='word_1_206' title='bbox 770 3471 873 3529; x_wconf 89' lang='lat' dir='ltr'>est</span> <span class='ocrx_word' id='word_1_207' title='bbox 918 3471 1279 3552; x_wconf 91' lang='lat' dir='ltr'>conspectu</span> <span class='ocrx_word' id='word_1_208' title='bbox 1317 3487 1542 3530; x_wconf 91' lang='lat' dir='ltr'>rerum</span> <span class='ocrx_word' id='word_1_209' title='bbox 1583 3487 1758 3551; x_wconf 88' lang='lat' dir='ltr'>quae</span> <span class='ocrx_word' id='word_1_210' title='bbox 1804 3488 1845 3530; x_wconf 92' lang='lat' dir='ltr'>a</span> <span class='ocrx_word' id='word_1_211' title='bbox 1865 3465 2254 3548; x_wconf 78' lang='lat' dir='ltr'>DiadochiS,</span> <span class='ocrx_word' id='word_1_212' title='bbox 2281 3486 2448 3551; x_wconf 92' lang='lat' dir='ltr'>quos</span> <span class='ocrx_word' id='word_1_213' title='bbox 2472 3464 2728 3548; x_wconf 88' lang='lat' dir='ltr'>dicunt,</span> 
     </span>
     <span class='ocr_line' id='line_1_29' title="bbox 382 3571 2041 3658; baseline 0.001 -23"><span class='ocrx_word' id='word_1_214' title='bbox 382 3578 627 3658; x_wconf 86' lang='lat' dir='ltr'>gestae</span> <span class='ocrx_word' id='word_1_215' title='bbox 666 3577 842 3654; x_wconf 89' lang='lat' dir='ltr'>sunt,</span> <span class='ocrx_word' id='word_1_216' title='bbox 889 3584 957 3636; x_wconf 91' lang='lat' dir='ltr'>et</span> <span class='ocrx_word' id='word_1_217' title='bbox 1006 3594 1237 3636; x_wconf 88' lang='lat' dir='ltr'>earum</span> <span class='ocrx_word' id='word_1_218' title='bbox 1282 3594 1456 3658; x_wconf 88' lang='lat' dir='ltr'>quae</span> <span class='ocrx_word' id='word_1_219' title='bbox 1498 3573 1581 3637; x_wconf 89' lang='lat' dir='ltr'>iis</span> <span class='ocrx_word' id='word_1_220' title='bbox 1634 3571 2041 3637; x_wconf 89' lang='lat' dir='ltr'>acciderunt.</span> 
     </span>
    </p>

    <p class='ocr_par' dir='ltr' id='par_1_6' title="bbox 377 3677 2735 4089">
     <span class='ocr_line' id='line_1_30' title="bbox 481 3677 2730 3767; baseline 0.001 -26"><span class='ocrx_word' id='word_1_221' title='bbox 481 3677 595 3742; x_wconf 91' lang='lat' dir='ltr'>Ad</span> <span class='ocrx_word' id='word_1_222' title='bbox 642 3677 819 3742; x_wconf 87' lang='lat' dir='ltr'>hanc</span> <span class='ocrx_word' id='word_1_223' title='bbox 862 3700 1007 3743; x_wconf 91' lang='lat' dir='ltr'>rem</span> <span class='ocrx_word' id='word_1_224' title='bbox 1053 3679 1565 3766; x_wconf 88' lang='lat' dir='ltr'>dispescendam</span> <span class='ocrx_word' id='word_1_225' title='bbox 1613 3679 1965 3745; x_wconf 87' lang='lat' dir='ltr'>nobiscum</span> <span class='ocrx_word' id='word_1_226' title='bbox 2006 3686 2398 3767; x_wconf 89' lang='lat' dir='ltr'>reputemus</span> <span class='ocrx_word' id='word_1_227' title='bbox 2444 3684 2730 3766; x_wconf 87' lang='lat' dir='ltr'>oportet,</span> 
     </span>
     <span class='ocr_line' id='line_1_31' title="bbox 384 3783 2735 3873; baseline 0.001 -25"><span class='ocrx_word' id='word_1_228' title='bbox 384 3783 640 3871; x_wconf 87' lang='lat' dir='ltr'>quibus</span> <span class='ocrx_word' id='word_1_229' title='bbox 684 3784 884 3849; x_wconf 90' lang='lat' dir='ltr'>rebus</span> <span class='ocrx_word' id='word_1_230' title='bbox 928 3786 1258 3850; x_wconf 90' lang='lat' dir='ltr'>niteretur</span> <span class='ocrx_word' id='word_1_231' title='bbox 1302 3786 1721 3873; x_wconf 90' lang='lat' dir='ltr'>principatus</span> <span class='ocrx_word' id='word_1_232' title='bbox 1766 3807 2007 3872; x_wconf 87' lang='lat' dir='ltr'>regum</span> <span class='ocrx_word' id='word_1_233' title='bbox 2049 3785 2510 3870; x_wconf 89' lang='lat' dir='ltr'>Macedoniae,</span> <span class='ocrx_word' id='word_1_234' title='bbox 2560 3808 2735 3872; x_wconf 88' lang='lat' dir='ltr'>quae</span> 
     </span>
     <span class='ocr_line' id='line_1_32' title="bbox 377 3891 2728 3980; baseline 0.001 -23"><span class='ocrx_word' id='word_1_235' title='bbox 377 3913 499 3957; x_wconf 86' lang='lat' dir='ltr'>res</span> <span class='ocrx_word' id='word_1_236' title='bbox 546 3897 726 3957; x_wconf 90' lang='lat' dir='ltr'>arcte</span> <span class='ocrx_word' id='word_1_237' title='bbox 770 3891 1085 3957; x_wconf 90' lang='lat' dir='ltr'>cohaeret</span> <span class='ocrx_word' id='word_1_238' title='bbox 1130 3913 1285 3957; x_wconf 93' lang='lat' dir='ltr'>cum</span> <span class='ocrx_word' id='word_1_239' title='bbox 1331 3893 1722 3979; x_wconf 87' lang='lat' dir='ltr'>quaestione</span> <span class='ocrx_word' id='word_1_240' title='bbox 1769 3892 1969 3979; x_wconf 88' lang='lat' dir='ltr'>quale</span> <span class='ocrx_word' id='word_1_241' title='bbox 2011 3893 2221 3959; x_wconf 87' lang='lat' dir='ltr'>fuerit</span> <span class='ocrx_word' id='word_1_242' title='bbox 2240 3914 2456 3978; x_wconf 87' lang='lat' dir='ltr'>genus</span> <span class='ocrx_word' id='word_1_243' title='bbox 2482 3894 2728 3980; x_wconf 85' lang='lat' dir='ltr'>magis-</span> 
     </span>
     <span class='ocr_line' id='line_1_33' title="bbox 377 3997 2434 4089; baseline 0.001 -26"><span class='ocrx_word' id='word_1_244' title='bbox 377 4003 715 4081; x_wconf 84' lang='lat' dir='ltr'>tratuum,</span> <span class='ocrx_word' id='word_1_245' title='bbox 764 4019 928 4083; x_wconf 89' lang='lat' dir='ltr'>quos</span> <span class='ocrx_word' id='word_1_246' title='bbox 981 3997 1361 4064; x_wconf 87' lang='lat' dir='ltr'>Alexander</span> <span class='ocrx_word' id='word_1_247' title='bbox 1404 3998 1689 4085; x_wconf 88' lang='lat' dir='ltr'>singulis</span> <span class='ocrx_word' id='word_1_248' title='bbox 1732 4000 2040 4088; x_wconf 87' lang='lat' dir='ltr'>partibus</span> <span class='ocrx_word' id='word_1_249' title='bbox 2084 3999 2434 4089; x_wconf 84' lang='lat' dir='ltr'>praefecit.</span> 
     </span>
    </p>

    <p class='ocr_par' dir='ltr' id='par_1_7' title="bbox 375 4104 2734 4301">
     <span class='ocr_line' id='line_1_34' title="bbox 480 4104 2734 4191; baseline 0.001 -23"><span class='ocrx_word' id='word_1_250' title='bbox 480 4104 583 4168; x_wconf 90' lang='lat' dir='ltr'>De</span> <span class='ocrx_word' id='word_1_251' title='bbox 628 4104 828 4170; x_wconf 90' lang='lat' dir='ltr'>modo</span> <span class='ocrx_word' id='word_1_252' title='bbox 874 4126 1009 4191; x_wconf 91' lang='lat' dir='ltr'>quo</span> <span class='ocrx_word' id='word_1_253' title='bbox 1056 4104 1427 4172; x_wconf 87' lang='lat' dir='ltr'>dominatio</span> <span class='ocrx_word' id='word_1_254' title='bbox 1465 4106 1905 4190; x_wconf 89' lang='lat' dir='ltr'>Macedonica</span> <span class='ocrx_word' id='word_1_255' title='bbox 1950 4107 2025 4171; x_wconf 89' lang='lat' dir='ltr'>in</span> <span class='ocrx_word' id='word_1_256' title='bbox 2070 4106 2238 4173; x_wconf 88' lang='lat' dir='ltr'>Asia</span> <span class='ocrx_word' id='word_1_257' title='bbox 2304 4106 2576 4172; x_wconf 89' lang='lat' dir='ltr'>firmata</span> <span class='ocrx_word' id='word_1_258' title='bbox 2623 4107 2734 4191; x_wconf 88' lang='lat' dir='ltr'>sit,</span> 
     </span>
     <span class='ocr_line' id='line_1_35' title="bbox 375 4210 2734 4301; baseline 0.002 -26"><span class='ocrx_word' id='word_1_259' title='bbox 375 4213 463 4276; x_wconf 85' lang='lat' dir='ltr'>in</span> <span class='ocrx_word' id='word_1_260' title='bbox 512 4210 828 4276; x_wconf 84' lang='lat' dir='ltr'>universo</span> <span class='ocrx_word' id='word_1_261' title='bbox 897 4211 1032 4276; x_wconf 87' lang='lat' dir='ltr'>dici</span> <span class='ocrx_word' id='word_1_262' title='bbox 1075 4218 1301 4299; x_wconf 82' lang='lat' dir='ltr'>potest</span> <span class='ocrx_word' id='word_1_263' title='bbox 1335 4211 1805 4278; x_wconf 88' lang='lat' dir='ltr'>Alexandrum</span> <span class='ocrx_word' id='word_1_264' title='bbox 1864 4235 2010 4279; x_wconf 91' lang='lat' dir='ltr'>sese</span> <span class='ocrx_word' id='word_1_265' title='bbox 2054 4215 2339 4301; x_wconf 85' lang='lat' dir='ltr'>gessisse</span> <span class='ocrx_word' id='word_1_266' title='bbox 2382 4221 2734 4301; x_wconf 89' lang='lat' dir='ltr'>tamquam</span> 
     </span>
    </p>
   </div>
   <div class='ocr_carea' id='block_1_5' title="bbox 391 4347 828 4358">
    <p class='ocr_par' dir='ltr' id='par_1_8' title="bbox 391 4347 828 4358">
     <span class='ocr_line' id='line_1_36' title="bbox 391 4347 828 4358; baseline 0 992"><span class='ocrx_word' id='word_1_267' title='bbox 391 4347 828 4358; x_wconf 95' lang='lat' dir='ltr'> </span> 
     </span>
    </p>
   </div>
   <div class='ocr_carea' id='block_1_6' title="bbox 439 4435 990 4504">
    <p class='ocr_par' dir='ltr' id='par_1_9' title="bbox 439 4435 990 4504">
     <span class='ocr_line' id='line_1_37' title="bbox 439 4435 990 4504; baseline 0 -16"><span class='ocrx_word' id='word_1_268' title='bbox 439 4436 495 4504; x_wconf 76' lang='lat'>1)</span> <span class='ocrx_word' id='word_1_269' title='bbox 533 4435 694 4489; x_wconf 90' lang='lat' dir='ltr'>Diod.</span> <span class='ocrx_word' id='word_1_270' title='bbox 733 4435 813 4490; x_wconf 89' lang='lat'>18.</span> <span class='ocrx_word' id='word_1_271' title='bbox 853 4436 902 4500; x_wconf 74' lang='lat'>4.</span> <span class='ocrx_word' id='word_1_272' title='bbox 941 4437 990 4489; x_wconf 89' lang='lat'>4.</span> 
     </span>
    </p>
   </div>
  </div>
 </body>
</html>
