3338 5350
1570 516 1654 580 41

444 717 641 798 parte
711 712 767 776 si
836 710 1139 798 placeret
1205 709 1736 777 Atheniensibus
1803 713 1884 776 iis
1954 713 2146 779 licuit
2213 714 2576 801 participes
2637 714 2784 780 fieri

451 819 789 883 societatis
858 841 1065 905 quam
1108 818 1469 906 Philippus
1515 819 1924 885 constiturus
1966 827 2139 886 esset
2166 820 2239 907 1).
2309 820 2668 908 Philippus
2718 829 2781 886 et

445 924 836 990 Alexander
881 925 1063 991 cives
1110 926 1557 991 Athenienses
1596 924 1764 991 facti
1811 933 1988 1011 sunt,
2039 934 2263 992 statua
2285 928 2464 1013 regis
2509 928 2582 992 in
2620 929 2786 994 urbe

447 1039 671 1096 erecta
717 1037 835 1115 est,
883 1039 1236 1119 praeterea
1280 1032 1564 1098 diversis
1609 1033 1976 1099 honoribus
2025 1034 2307 1099 affectus
2346 1041 2448 1101 est
2471 1037 2542 1116 2).

535 1137 776 1224 Neque
842 1138 1061 1223 magis
1130 1137 1375 1224 reliqui
1444 1139 1689 1204 Graeci
1735 1141 2036 1206 cunctati
2082 1148 2240 1206 sunt
2283 1164 2524 1229 pacem
2562 1142 2784 1209 facere
2895 1132 2903 1141 ²

448 1267 605 1311 cum
648 1245 990 1333 Phjlippo.

536 1354 816 1418 Euboea
865 1374 1094 1418 rursus
1133 1351 1372 1418 foedus
1412 1375 1567 1418 cum
1605 1375 1766 1439 rege
1810 1354 1983 1438 iniit,
2046 1377 2268 1441 neque
2312 1357 2786 1423 veridissimile

444 1467 570 1545 est,
618 1482 798 1525 nunc
845 1460 1119 1525 demum
1161 1461 1578 1547 praesidium
1624 1460 2138 1526 Macedonicum
2203 1463 2595 1551 impositum
2644 1487 2787 1530 esse

447 1567 776 1651 Chalcidi,
845 1567 1085 1632 eodem
1132 1567 1333 1632 modo
1375 1588 1508 1653 quo
1556 1564 1880 1632 Corintho
1906 1566 1975 1650 ³).
2046 1569 2322 1655 Reliqui
2368 1571 2612 1636 Graeci
2643 1594 2787 1636 sese

445 1673 765 1761 deinceps
834 1673 1141 1761 Philippi
1207 1672 1368 1738 fidei
1437 1674 1936 1756 commiserunt,
2015 1675 2157 1740 sola
2226 1677 2476 1764 Sparta
2523 1700 2667 1743 sese
2712 1680 2785 1743 in

443 1781 833 1846 libertatem
878 1781 1257 1845 vindicavit
1294 1780 1365 1867 4).

536 1887 894 1975 Philippus
969 1887 1430 1975 principatum
1513 1888 1839 1955 Graeciae
1925 1889 2211 1977 adeptus
2301 1897 2424 1975 est,
2517 1915 2786 1959 omnem

443 1995 803 2061 Graeciam
871 2017 1009 2060 una
1070 1996 1388 2060 societate
1432 1995 1743 2081 junctam
1789 1997 1918 2062 sibi
1965 1998 2271 2064 devinxit
2299 1999 2368 2083 5),
2429 1999 2785 2065 Corinthus

443 2103 592 2167 sive
657 2101 955 2166 Isthmus
1017 2100 1150 2167 fuit
1220 2101 1406 2167 locus
1476 2103 1871 2190 designatus
1938 2104 2058 2170 ubi
2126 2107 2520 2191 synedrium
2584 2106 2784 2194 hujus

442 2209 784 2274 societatis
853 2209 1247 2274 conveniret
1279 2207 1350 2292 6),
1419 2232 1539 2275 rex
1584 2210 1669 2275 ab
1715 2211 1879 2299 ipsis
1926 2212 2201 2278 Graecis
2247 2215 2555 2279 societati
2597 2236 2787 2301 prae-

440 2316 704 2404 positus
761 2323 861 2382 est
887 2319 958 2399 7),
1010 2315 1196 2381 nullo
1242 2315 1443 2381 titulo
1487 2319 1694 2404 regi0‚
1721 2320 1840 2385 sed
1863 2320 2249 2385 nominatus
2274 2321 2419 2387 sive
2442 2322 2787 2401 στρατηγὸς

444 2421 836 2504 αὐτοκράτωρ
885 2425 1031 2490 sive
1075 2424 1316 2501 ἧγέμων
1349 2427 1422 2506 8).

536 2530 802 2597 Foedus
862 2531 1046 2617 quod
1113 2533 1413 2598 inierunt
1482 2532 1844 2620 Philippus
1906 2539 1976 2598 et
2042 2534 2281 2600 Graeci
2332 2536 2402 2600 id
2454 2536 2789 2623 spectavit

442 2642 524 2702 ut
569 2659 799 2725 regem
849 2638 1258 2725 adjuvarent
1304 2642 1361 2707 si
1408 2641 1557 2727 quis
1623 2663 1778 2707 eum
1826 2642 2331 2728 aggrederetur,
2380 2643 2494 2709 vel
2540 2644 2595 2709 si
2643 2644 2789 2732 ipse

443 2745 711 2810 hostem
755 2745 1112 2812 lacesseret
1138 2747 1209 2832 9),
1250 2747 1383 2814 fuit
1429 2748 1638 2835 igitur
1684 2747 1840 2813 foed
1850 2771 1924 2813 us
1966 2771 2257 2836 aequum
2299 2773 2380 2815 ea
2402 2752 2787 2816 conditione

497 3051 544 3120 1)
581 3052 726 3106 ΡΙῐιῒ.
783 3052 949 3106 Phoe.
1008 3053 1091 3106 16.
1168 3052 1453 3107 Demosth.
1512 3053 1630 3106 220.
1685 3052 1735 3106 8.
1791 3052 1878 3102 καὶ
1930 3055 2026 3117 γὰρ
2078 3052 2159 3103 ’ἔτι
2209 3053 2621 3119 προσγέγραπται
2671 3058 2786 3113 ταῖς

441 3138 722 3198 συνθήκαις·
760 3142 877 3200 „52:11
913 3140 1206 3204 βουλώμεθα
1241 3145 1330 3199 τῆς
1366 3145 1522 3199 κοινῆς
1557 3139 1735 3204 εἰρήνης
1772 3140 2060 3206 μετέχειν,”

496 3231 544 3295 2)
582 3230 794 3284 Ari-ian.
836 3231 881 3283 1.
926 3232 973 3284 1.
1013 3231 1061 3284 3.-
1104 3231 1392 3286 Demosth.
1432 3232 1553 3285 331.
1594 3231 1676 3284 14.
1715 3232 1878 3286 Paus,
1921 3221 1968 3285 1.
2009 3232 2058 3286 9.
2097 3233 2147 3285 4.
2186 3233 2333 3287 Plut.
2375 3234 2658 3289 Demosth.
2701 3235 2783 3289 22.

439 3315 611 3380 ζῶντα
648 3320 736 3381 μὲν
773 3324 926 3381 τιμᾶν
965 3319 1051 3370 καὶ
1088 3321 1339 3370 ποιεῖσθαι
1375 3325 1596 3377 πολίτην.

494 3408 543 3475 3)
586 3409 724 3463 Plut.
786 3410 934 3463 Atat.
994 3409 1078 3462 23.
1141 3409 1342 3464 Strabo
1399 3409 1518 3463 428.
1576 3408 1646 3463 cs.
1703 3409 1894 3479 Polyb.
1953 3412 2038 3464 18.
2094 3411 2175 3465 11.
2214 3412 2264 3464 4.
2326 3412 2588 3466 Schaefer
2623 3413 2672 3466 3.
2715 3413 2783 3465 52

441 3514 569 3551 ann.
606 3498 659 3549 4.

495 3584 544 3653 4)
581 3586 793 3641 Arrian.
835 3587 885 3640 1.
925 3588 972 3641 1.
1016 3588 1064 3639 2.
1106 3587 1188 3642 De
1227 3588 1426 3643 finibus
1463 3588 1697 3658 Spartae
1736 3589 1802 3642 cf.
1842 3589 2020 3643 Niese.
2067 3589 2113 3642 1.
2154 3589 2239 3642 37.

493 3674 542 3742 5)
580 3675 786 3729 Aelian.
820 3676 886 3730 V.
930 3677 991 3730 Η.
1032 3677 1083 3730 6.
1126 3677 1175 3729 1.

492 3765 541 3829 6)
580 3765 725 3819 Plut.
761 3766 842 3819 Al.
885 3767 967 3820 14.
1005 3766 1249 3819 Demetr.
1291 3766 1374 3820 25.
1413 3765 1571 3819 Diod.
1611 3764 1694 3817 16.
1734 3764 1820 3818 89.
1858 3765 1919 3833 33
1961 3766 2044 3819 17.
2085 3767 2133 3819 4.
2174 3766 2252 3832 9.;
2300 3767 2383 3821 73.
2422 3767 2471 3820 5.
2504 3768 2709 3822 «lustin.
2731 3768 2780 3820 9.

437 3855 489 3908 5.
535 3855 593 3919 13
635 3855 715 3908 11.
756 3856 804 3909 2.
847 3854 894 3907 5.

492 3942 540 4007 7)
578 3942 734 3997 Diod.
792 3944 876 3997 16.
931 3942 1015 3996 89.
1073 3942 1122 3995 3.
1214 3940 1364 3999 Τέλος
1433 3941 1485 3991 δὲ
1556 3947 1650 3991 τῶν
1708 3941 1945 4002 Ἑλλήνων
1998 3941 2228 4006 ἑλομένων
2287 3943 2439 3995 αὐτὸν
2494 3948 2776 4010 στρατηγὸν

435 4031 771 4096 αὐτοκράτορα
806 4036 897 4092 τῆς
934 4030 1190 4088 Ἑλλάδος.
1406 4031 1411 4036 ’

490 4122 538 4185 8)
577 4122 859 4176 Demosth.
915 4120 1036 4176 295.
1089 4122 1184 4189 12;
1217 4121 1335 4174 215.
1377 4122 1424 4174 1.
1463 4122 1653 4192 Polyb.
1700 4122 1749 4175 9.
1791 4123 1876 4176 33.
1917 4123 1966 4176 7.
2005 4124 2248 4178 Dittenb.
2292 4125 2409 4178 149.
2448 4126 2532 4178 21.
2571 4125 2775 4180 sustin.

360 4255 369 4272 ,
437 4212 489 4265 9.
531 4211 579 4263 4.
601 4212 649 4263 2.
694 4212 838 4265 »Nec
868 4228 1057 4281 regem
1077 4227 1135 4265 se
1155 4210 1432 4274 Graeciae,
1456 4210 1554 4264 sed
1572 4210 1772 4265 ducem
1791 4212 2057 4280 appellari
2071 4213 2270 4281 jussit'’
2292 4214 2601 4284 (Philippus
2620 4215 2777 4278 scil.).

495 4297 541 4364 9)
579 4299 774 4353 Justin.
833 4299 881 4353 9.
938 4299 986 4352 5.
1027 4300 1076 4351 4.
1124 4299 1372 4352 »Auxilia
1409 4298 1604 4353 deinde
1643 4300 1987 4370 singularum
2026 4301 2332 4356 civitatium
2372 4298 2776 4368 describuntur,

440 4386 557 4441 sive
593 4387 937 4456 adjuvandus
981 4405 1045 4442 ea
1081 4404 1252 4441 manu
1286 4404 1388 4441 rex
1422 4392 1779 4458 oppugnante
1818 4388 2003 4456 aliquo
2042 4390 2199 4454 foret,
2244 4406 2341 4442 seu
2383 4389 2524 4443 duce
2557 4390 2649 4444 illo
2671 4391 2783 4444 bel-

438 4475 560 4528 lum
602 4474 997 4530 inferendum.”
