3338 5350
1728 489 1815 553 36

600 707 673 770 lii
720 704 1186 791 occupandam
1231 701 1517 766 tradidit
1546 701 1615 784 1),
1683 698 2075 767 Acarnanes
2145 709 2213 766 et
2282 702 2747 770 Ambraciotas
2814 704 2935 769 sibi

600 812 904 897 subjecit.
954 810 1187 876 Factio
1236 809 1416 874 enim
1460 808 1899 873 Acarnanum
1945 807 2261 895 Philippo
2310 810 2715 893 adversaria,
2765 833 2936 896 quae

601 941 756 985 cum
802 920 993 984 sociis
1041 917 1407 982 Hellenicis
1454 922 1691 980 contra
1738 914 2134 1001 Philippum
2156 917 2495 1001 pugnavit
2519 917 2699 1004 apud
2727 916 2937 982 Chae-

601 1047 879 1091 roneam
905 1025 976 1108 2),
1050 1046 1218 1111 pace
1285 1023 1652 1088 constituta
1723 1044 1763 1086 a
1829 1043 1991 1107 rege
2059 1023 2130 1086 in
2202 1020 2477 1086 exilium
2547 1025 2748 1088 missa
2814 1032 2937 1107 est,

600 1132 891 1198 salutem
930 1138 1158 1196 autem
1178 1128 1468 1194 Athenis
1490 1130 1691 1216 petiit
1714 1127 1785 1214 3).
1835 1126 2023 1206 Quae
2046 1150 2151 1193 res
2176 1128 2431 1192 indicat
2453 1128 2845 1217 Philippum
2867 1132 2938 1194 in

599 1239 987 1303 Acarnania
1017 1237 1193 1301 hanc
1215 1238 1550 1302 rationem
1573 1236 1968 1300 dominandi
1992 1242 2297 1300 secutum
2331 1257 2491 1318 esse,
2515 1257 2761 1323 nempe
2786 1259 2936 1300 eum

600 1352 935 1431 quantum
958 1343 1104 1408 fieri
1125 1345 1369 1430 potuit,
1391 1343 1865 1408 auctoritatem
1887 1363 2079 1406 suam
2101 1341 2364 1406 firmavi
2373 1363 2475 1407 sse
2512 1342 2844 1408 mittendo
2868 1346 2939 1407 in

601 1451 878 1516 exilium
917 1451 1337 1515 adversarios
1374 1470 1545 1532 suOS,
1574 1470 1909 1514 summam
1933 1447 2584 1514 administrationem
2608 1450 2938 1515 tradendo

602 1559 662 1623 ei
687 1556 965 1623 factioni
990 1579 1163 1643 quae
1187 1557 1321 1621 suis
1345 1555 1545 1621 rebus
1570 1554 1854 1620 faveret.
1873 1554 2113 1641 Neque
2138 1555 2268 1620 alio
2287 1556 2487 1622 modo
2505 1557 2939 1623 Ambraciam

599 1665 838 1730 urbem
852 1664 977 1729 sibi
996 1664 1358 1729 obnoxiam
1371 1663 1689 1728 reddidit.
1714 1661 1895 1727 Nam
1912 1663 2119 1727 etiam
2133 1661 2242 1726 hic
2258 1661 2670 1729 democratia
2688 1664 2938 1730 abolita

599 1777 720 1853 est,
739 1792 896 1835 cum
917 1771 1192 1856 insuper
1211 1769 1624 1856 praesidium
1642 1769 2155 1834 Macedonicum
2178 1771 2313 1834 arci
2338 1771 2729 1857 impositum
2753 1770 2840 1835 sit
2867 1769 2935 1851 4).

916 2178 955 2256 ξ
999 2173 1098 2241 10.
1166 2170 1294 2241 Res
1340 2170 1666 2254 Graeciae,
1714 2169 1794 2239 de
1843 2168 2154 2256 synedrio
2203 2168 2624 2241 corinthiaco.

695 2371 890 2438 Bello
961 2371 1141 2457 quod
1209 2376 1480 2435 tantum
1549 2390 1687 2434 non
1756 2368 1917 2433 inde
2003 2367 2089 2433 ab
2149 2369 2346 2434 initio
2392 2369 2588 2455 regni
2631 2369 2934 2458 Philippi

601 2478 923 2566 flagravit
1022 2478 1202 2542 inter
1299 2476 1748 2542 Athenienses
1834 2480 1902 2539 et
1987 2474 2413 2559 Macedones,
2480 2477 2659 2562 quod
2731 2478 2934 2564 vulgo

601 2592 884 2653 vocatur
950 2585 1205 2649 bellum
1252 2583 1601 2667 sociorum,
1647 2583 1929 2646 tandem
1977 2603 2153 2647 anno
2200 2582 2330 2647 346
2388 2581 2542 2648 finis
2584 2583 2933 2671 impositus

603 2701 706 2761 est
729 2696 798 2778 5).
847 2694 1029 2759 Nam
1064 2715 1220 2757 cum
1264 2713 1478 2778 usque
1521 2690 1608 2755 ad
1648 2690 1830 2755 hunc
1871 2712 2125 2755 annum
2148 2689 2508 2777 Philippus
2532 2689 2701 2755 fines
2725 2692 2931 2779 ipsius

598 2800 924 2867 Graeciae
948 2800 1254 2865 nondum
1277 2798 1630 2884 attigisset,
1648 2802 1815 2861 tunc
1840 2803 2066 2861 autem
2089 2795 2465 2862 Phalaecus
2488 2796 2934 2863 Phocensium

602 2908 760 2990 dux,
811 2907 896 2971 de
944 2906 1142 2970 rebus
1211 2906 1347 2970 suis
1417 2905 1782 2991 desperans
1854 2925 2005 2968 cum
2076 2925 2235 2989 rege
2280 2910 2574 2970 tractare
2610 2907 2935 2993 coepisset

600 3015 687 3081 de
731 3012 1204 3100 Thermopylis
1250 3013 1313 3076 ei
1355 3011 1727 3092 tradendis,
1796 3009 1964 3075 haec
2029 3032 2135 3075 res
2187 3011 2354 3076 adeo
2399 3010 2606 3098 plena
2652 3011 2932 3099 periculi

602 3122 744 3187 visa
792 3127 894 3186 est
938 3116 1485 3202 Atheniensibus,
1533 3123 1611 3181 ut
1657 3122 1927 3182 auctore
1968 3116 2353 3182 Philocrate
2392 3118 2478 3182 de
2522 3139 2691 3206 pace
2739 3140 2932 3204 agere

599 3228 962 3316 coeperint,
1035 3248 1319 3311 eamque
1386 3247 1565 3291 anno
1633 3225 1765 3290 346
1843 3222 2411 3289 confirmaverint.
2528 3223 2932 3291 Societatem

597 3334 897 3399 inierunt
940 3332 1387 3398 Athenienses
1435 3338 1503 3397 et
1548 3331 1952 3396 Macedones
1974 3327 2022 3413 6)
2083 3329 2188 3394 his
2236 3331 2756 3397 conditionibus.
2842 3332 2931 3398 Ut

650 3558 698 3625 1)
739 3557 937 3612 Strabo
993 3556 1114 3610 427.
1187 3552 1497 3612 Ναύπακτός
1562 3552 1671 3604 ἐστι
1727 3552 1779 3603 δὲ
1832 3557 1910 3602 νῦν
1970 3553 2202 3604 Αἰτωλῶν
2258 3555 2503 3606 Φιλίππου
2554 3558 2929 3620 προσκρίναντος.

598 3645 880 3701 Demosth.
922 3644 1039 3699 120.
1080 3646 1126 3698 1.
1165 3646 1404 3699 Pausan.
1442 3645 1491 3698 6.
1535 3643 1616 3697 16.
1657 3644 1708 3696 2.

648 3735 695 3802 2)
733 3734 971 3789 Dittenb.
1013 3734 1132 3788 147.
1171 3751 1220 3788 v.
1260 3734 1326 3786 11
1365 3736 1420 3788 et
1457 3750 1581 3787 ann.
1622 3731 1674 3785 9.

648 3822 695 3890 3)
733 3824 889 3878 Diod.
930 3824 1011 3876 17.
1051 3823 1103 3876 3.
1142 3822 1192 3876 3.
1231 3812 1470 3876 Dittenb.
1510 3822 1583 3875 l.l.
1623 3839 1675 3876 v.
1714 3820 1781 3874 25
1819 3817 2077 3872 ἐπαινέσαι
2117 3819 2168 3870 δὲ
2204 3820 2292 3871 καὶ
2329 3824 2444 3880 τοὺς
2464 3820 2713 3888 (ἅλλ)ο(υς
2733 3826 2930 3890 Ἀκα)ρ-

595 3912 764 3975 (νᾶνας
798 3914 936 3976 τ)οὺς
973 3909 1321 3973 βοηθήσαντας
1342 3948 1353 3961 .
1376 3950 1388 3963 .
1413 3951 1425 3963 .
1450 3949 1461 3961 .
1494 3908 1601 3979 καῖ)
1635 3907 1808 3979 εἶναψ)
1830 3908 2062 3979 αὖ(τ)ο’ἵς,
2098 3910 2185 3969 ἕως
2221 3910 2278 3960 ἂν
2314 3909 2662 3976 κατέλθωσιῳ,
2694 3910 2929 3977 'frma-w

594 3998 655 4051 ἦν
691 3999 768 4068 ἂν)
793 4041 802 4052 .
824 4043 834 4056 .
856 3999 1127 4062 βούλωνται
1163 4018 1205 4050 κ.
1242 4017 1289 4049 τ.
1325 4007 1372 4053 λ.

647 4089 697 4153 4)
736 4091 894 4145 Diod.
934 4091 1017 4144 17.
1055 4091 1106 4144 3.
1148 4091 1208 4152 3;
1246 4090 1298 4144 4.
1336 4089 1385 4143 3.

647 4178 696 4244 5)
733 4180 982 4234 Aeschin.
1020 4180 1247 4248 Parapr.
1288 4178 1357 4232 70
1394 4194 1513 4245 sqq.

646 4266 695 4333 6)
733 4268 942 4338 Dionys
995 4269 1092 4337 Ep·
1138 4267 1222 4321 ad.
1259 4267 1440 4321 Amm.
1462 4267 1507 4319 l.
1552 4266 1632 4319 11.
1657 4282 1708 4334 p.
1728 4264 1851 4319 740.
1869 4264 1920 4318 8.
1939 4267 2074 4327 μετὰ
2093 4265 2182 4322 τὴν
2203 4267 2463 4315 Ὀλυνθίων
2483 4267 2678 4326 ἅλωσιν,
2696 4265 2930 4332 ἄρχοντος

596 4354 999 4416 Θεμιστοκλέους,
1012 4358 1247 4411 συνθῆκαι
1270 4354 1496 4416 Φιλίππῳ
1518 4355 1629 4415 πρὸς
1648 4353 1942 4410 Ἀθηναίους
1954 4350 2175 4417 ἐγένοντο
2194 4353 2300 4417 orep?
2317 4355 2489 4418 Φιλίας
2505 4353 2593 4405 καὶ
2610 4359 2928 4421 συμμαχίας.

598 4444 880 4498 Demosth.
915 4445 1034 4498 385.
1077 4444 1175 4509 13;
1214 4443 1298 4497 84.
1324 4443 1422 4511 113
1459 4442 1580 4496 345.
1612 4442 1697 4495 20.
1736 4442 1983 4497 Aeschin.
2021 4444 2247 4512 Parapr.
2283 4444 2368 4497 53.
2401 4444 2486 4498 61.
2507 4445 2824 4516 inCtesiph.
2842 4446 2926 4500 68.
