3338 5350
1538 526 1659 591 147

429 724 570 788 sint
597 723 664 807 1),
713 725 831 810 qui
875 727 1092 789 status
1160 744 1297 790 non
1366 729 1668 789 mutatus
1715 730 1818 787 est
1865 730 2233 809 antequam
2284 745 2460 788 anno
2505 723 2638 787 294
2683 721 2768 786 ab

429 830 824 896 Alexandro
872 830 1234 900 Cassandri
1284 831 1426 897 filio
1471 830 1739 916 Pyrrho
1787 852 2140 896 concessae
2188 837 2344 895 sunt
2371 831 2443 915 2).

518 939 622 1002 De
689 938 1196 1008 condicionibus
1262 938 1469 1025 paciS,
1541 960 1718 1024 quae
1789 959 1966 1002 anno
2027 939 2152 1002 311
2203 935 2390 1002 facta
2436 943 2554 1019 est,
2601 934 2774 999 nihil

430 1052 720 1109 aetatem
768 1045 927 1111 tulit
973 1044 1102 1109 nisi
1150 1067 1230 1109 ea
1274 1067 1448 1132 quae
1490 1043 1828 1109 Diodorus
1883 1046 1984 1109 19.
2040 1044 2168 1108 105
2214 1044 2409 1109 nobis
2453 1042 2772 1108 tradidit:

433 1149 815 1231 Κάσσανδρον
861 1152 973 1228 μὲν
1019 1146 1167 1215 εἶναι
1215 1150 1555 1230 στρατηγὸν
1598 1158 1706 1224 τῆς
1733 1150 2029 1229 Εὐρώπης
2053 1150 2246 1231 μέχρι
2269 1149 2341 1214 ἂν
2364 1147 2775 1229 Ἀλέξανδρος

429 1258 457 1320 ὃ
525 1259 590 1320 ἐκ
656 1256 946 1334 Ῥωξάνης
1010 1260 1091 1329 εἰς
1138 1259 1377 1334 ἡλικίαν
1425 1256 1606 1342 ἔλθῃ,
1651 1257 1759 1323 καὶ
1813 1258 2183 1338 Λυσίμαχον
2229 1257 2343 1335 μὲν
2382 1266 2490 1331 τῆς
2531 1258 2775 1340 Θράκης

432 1363 743 1444 κυριεύειν,
791 1374 1167 1442 Πτολεμαῖον
1214 1365 1277 1428 δὲ
1325 1373 1434 1439 τῆς
1477 1364 1818 1442 Ἃῖγύπτου
1860 1364 2107 1429 καὶτῶν
2132 1362 2549 1444 συνοριζουσῶν
2574 1363 2774 1444 ταύτῃ

432 1471 662 1536 πόλεων
734 1472 900 1537 κατά
969 1497 1037 1536 τε
1106 1472 1211 1545 τὴν
1284 1471 1521 1550 Λιβύην
1592 1471 1694 1536 καὶ
1767 1473 1870 1548 τὴν
1942 1471 2259 1552 Ἀραβίαν
2319 1470 2664 1548 Ἀντίγονον
2713 1471 2777 1534 δὲ

429 1577 826 1658 ἀφηγεῖσθαι
872 1588 981 1654 τῆς
1032 1579 1254 1651 Ἀσίας
1302 1578 1520 1653 πάσης·
1570 1578 1711 1650 τοὺς
1761 1580 1825 1643 δὲ
1865 1580 2187 1653 ’Ἕλληνάς
2211 1578 2576 1656 αὐτονόμους
2603 1573 2777 1642 εἶναι.

430 1685 583 1750 Hoc
605 1685 751 1751 loco
777 1693 1002 1751 autem
1032 1693 1318 1773 apparet
1340 1684 1798 1752 Cassandrum
1819 1708 1960 1752 non
1983 1687 2184 1758 modo
2207 1709 2345 1752 non
2381 1687 2779 1773 impetrasse

428 1798 511 1857 ut
531 1793 845 1880 princeps
868 1792 1308 1859 Macedoniae
1332 1801 1823 1879 agnosceretur,
1842 1795 2050 1860 immo
2077 1795 2443 1864 concedere
2467 1800 2775 1859 coactum

430 1921 596 1984 esse,
681 1906 760 1964 ut
824 1908 1176 1986 tamquam
1241 1908 1517 1988 praetor
1598 1903 1688 1967 ad
1770 1909 2038 1989 tempus
2112 1902 2313 1972 rebus
2398 1907 2774 1988 praeesset,

430 2028 679 2071 munus
740 2007 952 2093 igitur
996 2030 1120 2095 pro
1165 2030 1378 2094 regno
1431 2009 1711 2097 accepit.
1759 2009 2189 2075 Ptolemaeus
2238 2014 2465 2080 autem
2507 2013 2777 2073 coactus

431 2122 538 2178 est
583 2120 800 2179 totam
847 2114 1121 2201 Syriam
1167 2116 1534 2181 concedere
1580 2117 1949 2203 Antigono,
1989 2115 2383 2203 Lysimachi
2427 2114 2779 2206 provincia

428 2221 817 2286 recentibus
880 2222 1384 2288 calamitatibus
1435 2223 1521 2288 ab
1568 2225 1756 2289 omni
1799 2231 1998 2311 parte
2057 2245 2378 2289 concussa
2425 2229 2587 2288 erat.
2636 2221 2776 2285 An-

430 2329 730 2414 tigonus,
795 2330 914 2415 qui
981 2330 1176 2396 initio
1243 2330 1409 2396 belli
1499 2337 1721 2397 totum
1788 2331 2163 2397 Alexandri
2230 2331 2592 2419 imperium
2653 2327 2779 2393 sibi

433 2436 834 2519 vindicavit,
905 2444 1144 2525 utpote
1233 2461 1532 2503 summus
1621 2444 2038 2526 procurator,
2130 2460 2353 2524 neque
2420 2437 2638 2523 magis
2700 2458 2781 2500 ea

434 2542 724 2630 adeptus
773 2549 893 2628 est,
943 2566 1119 2630 quae
1165 2544 1293 2609 sibi
1346 2546 1772 2633 propositum
1816 2546 2077 2629 habuit,
2124 2546 2331 2610 immo
2379 2545 2466 2609 ad
2513 2551 2779 2631 tempus
2854 2535 2861 2542 ’

433 2658 705 2716 coactus
749 2648 883 2716 fuit
924 2651 1203 2718 consilia
1241 2675 1363 2718 sua
1400 2653 1759 2720 ambitiosa
1784 2653 1989 2719 missa
2011 2651 2254 2718 facere.
2304 2650 2480 2718 Solis
2506 2650 2780 2717 Graecis

430 2758 646 2843 igitur
701 2758 829 2824 hoc
894 2758 1151 2824 bellum
1205 2759 1484 2846 profuit,
1555 2782 1712 2826 cum
1778 2760 2200 2849 principibus
2246 2760 2532 2847 posthac
2576 2759 2781 2823 inter-

433 2865 695 2930 dictum
743 2860 935 2949 ess'et,
983 2872 1059 2930 ut
1111 2888 1253 2932 sese
1299 2868 1498 2933 rebus
1547 2889 1779 2933 eorum
1826 2868 2276 2933 inmiscerent.

573 3289 612 3366 ς’
655 3283 724 3351 4.
790 3283 877 3352 De
926 3282 1105 3352 bellis
1152 3282 1291 3351 inde
1339 3283 1419 3351 ab
1466 3299 1629 3353 anno
1680 3282 2042 3354 311-297.
2090 3282 2342 3368 nenium
2391 3282 2646 3352 Nomen.

530 3479 685 3546 Una
751 3480 868 3545 via
928 3480 1303 3546 Cassandro
1348 3486 1620 3544 tantum
1664 3486 2032 3567 supererat,
2081 3502 2216 3565 qua
2255 3502 2543 3566 regnum
2588 3501 2784 3544 suum

437 3588 515 3651 in
574 3594 979 3677 perpetuum
1040 3587 1485 3671 confirmaret,
1548 3609 1796 3675 nempe
1855 3594 2072 3652 morte
2131 3588 2324 3674 pueri
2387 3586 2780 3651 Alexandri.

439 3694 682 3779 Neque
750 3695 870 3759 diu
936 3701 1291 3760 cunctatus
1361 3701 1461 3759 est
1528 3695 1888 3781 quominus
1951 3716 2105 3758 eum
2148 3693 2573 3761 interficeret.
2623 3693 2669 3759 J
2674 3715 2782 3756 am

443 3822 622 3866 anno
694 3803 874 3866 enim
917 3802 1213 3889 311s310
1258 3802 1607 3867 custodem
1652 3800 1797 3886 ejus
1839 3800 2195 3866 Glauciam
2233 3799 2437 3885 jussit
2482 3801 2785 3865 occidere

442 3908 515 3972 et
558 3908 1024 3973 Alexandrum
1070 3910 1139 3973 et
1174 3909 1526 3992 Roxanen,
1577 3930 1711 3993 qua
1756 3908 1963 3972 caede
2000 3915 2187 3972 metu
2210 3929 2296 3972 ne
2319 3928 2477 3972 mox
2497 3927 2786 3991 regnum

498 4123 544 4186 1)
582 4125 749 4178 Kuhn
786 4142 839 4194 p.
877 4123 973 4178 83:
1038 4124 1409 4193 „Kassanders
1463 4122 1739 4177 Biindniss
1795 4123 1898 4177 mit
1952 4123 2058 4176 den
2107 4122 2438 4176 Akarnanen
2474 4138 2580 4191 zog
2617 4120 2785 4174 deren

452 4214 899 4283 „Unterwerfung
958 4216 1122 4267 unter
1177 4213 1275 4266 das
1330 4212 1755 4267 Makedonische
1823 4213 1992 4266 Reich
2048 4211 2193 4265 nach
2248 4211 2379 4265 sich.
2437 4211 2786 4264 Akarnanien

452 4303 782 4372 „Ambrakia
817 4302 934 4356 und
968 4302 1387 4371 Amphilochien
1423 4302 1641 4356 werden
1680 4306 1847 4356 etwas
1884 4306 2070 4371 spater
2102 4302 2184 4355 als
2221 4299 2467 4357 ἐπίκτητα
2501 4299 2639 4358 ’Ἔθνη
2676 4317 2785 4355 von

454 4390 849 4459 „Makedonien
884 4395 1141 4462 genannt.

503 4490 549 4555 2)
590 4489 731 4543 Plut.
773 4490 966 4559 Pyrrh.
1004 4490 1052 4541 6.
1095 4491 1279 4543 Kuhn.
1319 4508 1372 4559 p.
1411 4489 1480 4543 83
1522 4493 1575 4543 et
1619 4490 1737 4543 146.
