3338 5350
1693 505 1782 570 38

564 673 647 738 iis
691 679 1019 760 negatum
1065 679 1168 739 est
1187 674 1257 753 1).
1307 673 1529 760 Agros
1578 682 1807 740 autem
1853 698 2005 741 suos
2066 677 2490 741 retinuerunt
2538 699 2574 741 e
2622 699 2906 762 quorum

562 781 892 846 reditibus
961 781 1322 866 quotannis
1389 782 1889 869 quinquaginta
1955 782 2216 848 talenta
2283 782 2593 871 Apollini
2655 783 2906 871 persol-

564 891 790 955 venda
860 896 1052 954 erant
1075 890 1147 973 2)‚
1196 884 1434 954 'donec
1504 912 1837 955 summam
1903 891 1975 955 in
2035 891 2302 956 tabulas
2350 892 2686 978 sacrilegii
2730 897 2901 956 tem-

564 1018 728 1083 pore
797 994 1082 1060 relatam
1131 995 1572 1061 exsolvissent
1601 995 1678 1080 3).
1725 996 1937 1061 Arma
1996 997 2446 1063 Phocensium
2493 1003 2563 1062 et
2605 1020 2902 1063 mercen-

565 1103 907 1168 nariorum
959 1126 998 1167 a
1036 1102 1357 1190 Philippo
1403 1101 1752 1168 confracta
1801 1111 1978 1187 sunt,
2006 1126 2236 1170 eorum
2261 1106 2418 1191 equi
2442 1106 2802 1170 venierunt
2829 1105 2903 1189 4).

563 1210 817 1274 Exules
907 1209 1375 1291 Phocensium,
1470 1217 1537 1275 et
1625 1218 1963 1297 quotquot
2042 1212 2115 1276 in
2196 1219 2460 1299 partem
2568 1213 2903 1298 sacrilegii

563 1322 914 1399 venerant,
975 1315 1352 1404 piaculares
1422 1317 1639 1382 habiti
1703 1324 1877 1400 sunt,
1928 1340 2093 1404 quos
2142 1342 2226 1383 ex
2272 1320 2456 1384 omni
2503 1318 2648 1384 loco
2694 1325 2902 1384 retra-

564 1425 727 1490 here
839 1424 1053 1489 cuivis
1121 1424 1332 1504 licuit.
1425 1424 1829 1511 Pythiorum
1897 1424 2044 1490 ludi
2115 1426 2398 1513 posthac
2474 1448 2514 1491 a
2581 1426 2902 1513 Philippo

567 1553 720 1595 cum
771 1530 1045 1596 Boeotis
1093 1537 1161 1596 et
1207 1530 1543 1596 Thessalis
1592 1532 1759 1597 editi
1803 1539 1978 1615 sunt,
2010 1532 2560 1618 quandoquidem
2605 1531 2905 1619 complu-

563 1660 668 1703 res
713 1646 951 1724 gentes
998 1638 1286 1703 Doricae
1355 1638 1621 1703 sceleris
1689 1639 1762 1703 in
1829 1639 2163 1726 templum
2221 1638 2559 1704 commissi
2628 1637 2905 1703 fuerunt

563 1745 948 1832 participes.
1043 1745 1228 1823 Quae
1277 1746 1361 1810 ad
1407 1745 1835 1811 instaurandi
1881 1745 2135 1811 oraculi
2198 1767 2430 1811 curam
2468 1745 2902 1832 pertinebant

564 1859 633 1917 et
678 1859 902 1918 cetera
961 1852 1188 1917 omnia
1245 1875 1418 1937 quae
1487 1853 1575 1917 ad
1622 1853 2021 1939 religionem
2061 1860 2131 1917 et
2179 1873 2417 1940 pacem
2478 1873 2902 1917 communem

565 1965 770 2044 atque
814 1960 1243 2046 concordiam
1286 1960 1465 2024 inter
1512 1960 1804 2025 Graecos
1849 1959 2302 2047 pertinebant,
2363 1959 2575 2024 iidem
2632 1959 2898 2024 ordina-

561 2071 725 2130 runt
745 2066 821 2150 5).
914 2067 1403 2154 Praerogativa
1471 2067 1726 2132 oraculi
1793 2066 2116 2154 Philippo
2185 2067 2348 2131 data
2393 2073 2496 2131 est
2559 2066 2647 2150 6);
2697 2066 2898 2154 Spar-

564 2173 708 2237 tani
770 2174 1006 2239 eodem
1076 2176 1275 2240 modo
1345 2195 1478 2260 quo
1537 2174 1916 2239 Phocenses
1985 2173 2604 2261 Amphictyonibus
2649 2173 2899 2238 exclusi

562 2286 722 2345 sunt
747 2280 816 2363 ⁷).
889 2281 1160 2347 Moenia
1203 2282 1476 2347 urbium
1520 2281 1996 2347 Boeoticarum
2045 2280 2467 2364 orchomeni,
2485 2331 2498 2347 .
2518 2280 2899 2346 Coronaeae

564 2392 634 2452 et
700 2386 1101 2472 Corsiarum‚
1170 2410 1345 2474 quae
1424 2410 1580 2454 cum
1632 2388 2093 2455 Phocensibus
2163 2393 2509 2472 steterant,
2559 2389 2899 2453 destructa

563 2500 722 2558 sunt
746 2494 819 2580 8),
867 2495 1050 2560 cives
1098 2494 1327 2560 autem
1369 2496 1614 2559 harum
1658 2495 1931 2560 urbium
1975 2495 2050 2559 in
2095 2495 2495 2560 servitutem
2519 2497 2895 2577 venierunt,

562 2605 709 2665 tota
777 2600 1063 2666 Boeotia
1131 2608 1201 2666 et
1267 2625 1425 2690 pars
1491 2601 1810 2666 Phocidis
1858 2601 2199 2666 Thebanis
2244 2602 2500 2667 tradita
2547 2609 2646 2667 est
2671 2601 2737 2682 9).
2809 2602 2901 2666 Et

564 2711 758 2794 quasi
808 2710 977 2774 haec
1018 2710 1245 2775 omnia
1284 2731 1422 2775 non
1479 2709 1640 2774 satis
1691 2718 1932 2794 essent,
1972 2711 2250 2797 insuper
2296 2711 2612 2776 universa
2657 2710 2899 2775 Phocis

564 2823 812 2880 vexata
872 2823 975 2882 est
1033 2816 1406 2882 latrociniis
1452 2818 2068 2882 mercennariorum
2113 2816 2410 2881 militum
2435 2815 2535 2900 ¹⁰),
2574 2816 2775 2881 multi
2816 2838 2900 2881 ex

564 2923 825 2988 civibus
872 2924 1086 2989 coacti
1130 2922 1410 2988 fuerunt
1453 2922 1834 3008 relinquere
1878 2924 2175 3010 patriam
2200 2923 2300 3007 11).

652 3030 946 3097 Omnino
1013 3031 1252 3116 negari
1318 3052 1453 3096 non
1524 3035 1752 3117 potest
1819 3052 2075 3094 annum
2138 3030 2336 3095 illum
2403 3032 2535 3095 346
2579 3030 2898 3118 Philippo

616 3307 662 3374 1)
700 3307 858 3361 Diod.
924 3307 998 3360 l.l.
1090 3307 1373 3361 Demosth.
1430 3306 1551 3361 385.
1607 3308 1655 3360 2.
1738 3312 1834 3355 τῶν
1887 3305 2074 3370 ἐχθρῶν
2130 3305 2325 3356 Φωκέων
2378 3289 2520 3371 ἄρδω)
2573 3306 2762 3372 ’ὄλεθρος
2815 3306 2901 3357 καὶ

563 3397 681 3447 ὅλων
717 3401 812 3445 τῶν
847 3401 1032 3458 τειχῶν
1069 3395 1156 3445 καῖ
1190 3402 1286 3445 τῶν
1321 3399 1500 3446 πόλεων
1538 3395 1791 3458 ἀναίρεσις.
1828 3397 1991 3451 Faus.
2032 3396 2113 3450 10.
2154 3396 2202 3449 3.
2244 3397 2292 3449 2.

617 3486 663 3553 2)
700 3485 939 3540 Dittenb.
981 3486 1097 3539 141.
1141 3486 1259 3540 142.
1301 3486 1418 3539 143.

616 3574 663 3644 3)
700 3576 855 3629 Diod.
877 3575 949 3628 l.l.
995 3575 1366 3628 Persolvenda
1403 3579 1560 3629 erant
1591 3576 1718 3645 plus
1755 3576 1947 3629 decem
1984 3576 2206 3631 milibus
2244 3577 2603 3633 talentorum.
2646 3580 2711 3630 ut
2745 3579 2899 3645 patet

565 3681 633 3718 ex
670 3664 825 3718 Diod.
866 3664 948 3716 16.
986 3663 1070 3716 56.
1112 3664 1160 3716 6.

614 3751 661 3819 4)
699 3752 855 3806 Diod.
893 3753 965 3806 1.1.
1003 3753 1285 3808 Demosth.
1322 3753 1443 3807 380.
1483 3754 1567 3807 26.

615 3841 665 3907 5)
702 3842 857 3895 Diod.
895 3842 968 3895 l.l.
1008 3842 1258 3896 Aeschin.
1297 3842 1534 3912 Ctesiph.
1573 3843 1693 3896 254.

615 3929 661 3996 6)
699 3931 983 3985 Demosth.
1023 3931 1143 3985 446.
1184 3932 1266 3984 12.
1305 3930 1333 3987 ἧ
1370 3934 1511 3988 πόλις
1549 3929 1600 3980 δὲ
1636 3932 1727 3988 τὴν
1763 3933 2095 3993 προμαντείαν
2132 3931 2395 3998 ἀφῄρηται.

616 4020 662 4085 7)
699 4020 862 4073 Paus.
902 4020 986 4073 10.
1023 4020 1073 4074 8.
1113 4021 1162 4073 2.

613 4106 662 4174 8)
701 4108 764 4161 οἱ,
808 4108 1067 4163 Schaefer
1103 4110 1151 4162 2.
1190 4109 1291 4162 287
1330 4127 1454 4164 ann.
1492 4111 1540 4164 3.

617 4196 663 4263 9)
701 4197 986 4251 Demosth.
1024 4198 1093 4251 62
1135 4202 1190 4253 et
1209 4198 1330 4251 375.
1352 4199 1400 4251 9.
1425 4199 1610 4253 Schol.
1627 4200 1699 4253 ad
1716 4199 1873 4253 Dem.
1894 4199 1978 4252 69.
2001 4201 2085 4254 10.
2128 4202 2478 4249 Ἀπολωλότων
2516 4198 2711 4249 Φωκέων
2731 4198 2899 4249 δέδωκε

562 4287 669 4344 τοῖς
722 4287 959 4346 Θηβαίοις
994 4288 1019 4335 ὃ
1058 4287 1298 4344 Φίλιππος
1332 4288 1422 4345 τὴν
1459 4286 1717 4349 Κορώνειαν
1757 4287 1844 4336 καὶ
1878 4290 1959 4337 τὸν
2000 4291 2304 4351 Ὀρχομενὸν,
2340 4287 2393 4338 οὗ
2431 4291 2570 4338 κατὰ
2604 4290 2665 4338 τὸ
2702 4287 2897 4338 δίκαιον.

588 4374 663 4436 1⁰)
700 4375 882 4429 Justin
918 4375 966 4429 8.
1006 4376 1055 4430 5.

590 4462 663 4529 ‘¹1)
701 4464 982 4518 Demosth.
1021 4465 1141 4519 373.
1183 4467 1278 4532 113
1315 4466 1437 4519 361.
1478 4465 1571 4533 16;
1613 4465 1735 4519 440.
1777 4466 1867 4529 19;
1904 4466 2025 4518 446.
2064 4466 2114 4518 6.
2153 4468 2315 4521 Paus.
2356 4466 2440 4520 10.
2477 4466 2527 4520 3.
2565 4466 2616 4520 3.
