3338 5350
1688 519 1816 587 160

668 717 951 785 Praeter
995 720 1303 807 regiones
1349 722 1434 787 ad
1482 721 1703 808 ipsam
1746 720 2219 786 Macedoniam
2252 720 2690 807 pertinentes,
2719 718 2926 785 etiam

583 827 883 893 Paeonia
930 849 971 891 a
1016 828 1424 914 Lysimacho
1471 830 1559 894 ad
1604 829 1968 916 imperium
2014 848 2210 893 suum
2275 833 2495 893 tracta
2562 833 2681 892 est.
2772 827 2927 891 Rex

583 933 943 999 Audoleon
1008 956 1273 1022 semper
1341 935 1784 1001 amicissimus
1853 933 1988 999 fm‘t
2050 933 2476 1021 Lysimacho.
2571 933 2705 998 Sed
2768 938 2927 1020 post

583 1040 788 1126 hujus
854 1048 1160 1125 mortem,
1232 1064 1407 1128 quae
1477 1042 1662 1107 cadit
1732 1053 1889 1129 post
1958 1063 2212 1106 annum
2279 1040 2412 1105 285
2460 1047 2538 1105 ut
2600 1046 2795 1127 patet
2839 1062 2927 1105 ex

584 1145 657 1213 C.
704 1148 758 1212 I.
806 1148 892 1212 A.
961 1148 1033 1213 H
1077 1149 1208 1213 312
1277 1149 1612 1235 (Dittenb.
1667 1149 1843 1235 195),
1911 1147 2092 1214 filius
2163 1146 2307 1233 ejus
2375 1147 2653 1213 Ariston
2711 1169 2925 1232 regno

583 1254 818 1342 pulsus
888 1278 928 1320 a
997 1256 1404 1343 Lysimacho
1470 1256 1544 1321 in
1589 1256 1882 1344 patriam
1930 1256 2248 1320 reductus
2309 1254 2587 1340 quidem
2633 1262 2754 1338 est,
2803 1254 2923 1319 sed

581 1360 693 1426 hic
745 1363 979 1427 eodem
1028 1373 1332 1450 tempore
1374 1369 1597 1428 totum
1635 1384 1924 1449 regnum
1968 1362 2219 1427 finibus
2280 1362 2414 1427 suis
2462 1362 2571 1446 adj
2581 1362 2731 1445 ecit,
2778 1361 2926 1448 ipse

581 1467 864 1533 Ariston
907 1478 1178 1535 coactus
1227 1469 1362 1535 fuit
1408 1492 1553 1535 sese
1597 1469 1906 1536 conferre
1951 1470 2039 1534 ad
2084 1468 2442 1534 Dardanos
2468 1470 2545 1545 1).

670 1576 916 1661 Pugna
963 1577 1146 1663 apud
1194 1576 1652 1664 Corypedium
1699 1578 1862 1641 anni
1906 1576 2032 1641 281
2083 1574 2293 1641 finem
2336 1576 2621 1662 imperio
2646 1580 2715 1640 et
2736 1574 2926 1640 vitae

583 1681 977 1769 Lysimachi
1042 1683 1225 1748 fecit.
1320 1683 1641 1750 Seleucus
1710 1684 1930 1750 victor
1987 1684 2062 1748 in
2125 1682 2474 1771 Europam
2527 1682 2800 1748 transiit
2845 1689 2927 1747 ut

580 1789 722 1853 illic
767 1812 994 1855 rerum
1037 1790 1390 1877 potiretur,
1439 1792 1558 1856 sed
1602 1791 1717 1855 hic
1754 1790 1901 1875 jam
1946 1789 2180 1878 paullo
2222 1796 2397 1876 post,
2461 1788 2695 1853 eodem
2744 1810 2926 1854 anno

583 1918 624 1960 a
672 1897 1065 1962 Ptolemaeo
1113 1895 1422 1962 Cerauno
1466 1896 1864 1963 interfectus
1902 1904 2024 1982 est,
2095 1898 2214 1983 qui
2275 1897 2421 1983 ipse
2489 1895 2574 1959 ab
2620 1898 2924 1961 exercitu

584 2025 705 2068 suo
751 2003 1024 2089 agnitus
1061 2011 1164 2069 est
1208 2010 1287 2068 ut
1330 2026 1450 2068 rex
1496 2004 1822 2070 Thraciae
1868 2010 1939 2069 et
1982 2004 2445 2069 Macedoniae.

1172 2480 1212 2558 ἓ
1256 2480 1320 2548 2.
1394 2476 1481 2545 De
1529 2474 1841 2545 Gallorum
1888 2476 2329 2547 invasionibus.

675 2701 811 2768 Sed
878 2703 1150 2768 tametsi
1220 2702 1568 2769 Ceraunus
1638 2703 1725 2768 ab
1789 2705 2088 2770 exercitu
2133 2704 2643 2792 agnoscebatur,
2691 2710 2926 2768 tamen

583 2808 752 2873 haec
793 2832 901 2874 res
947 2809 1138 2875 nullo
1183 2810 1386 2875 modo
1430 2810 1921 2898 impedimento
1988 2809 2124 2876 fuit
2168 2811 2527 2897 quominus
2576 2810 2661 2875 ab
2709 2809 2924 2874 omni-

582 2922 780 3003 parte
843 2916 1145 3004 pericula
1213 2938 1423 3002 regno
1491 2917 1635 3002 ejus
1701 2917 2155 2982 imminerent.
2244 2917 2293 2984 .Ῐ
2295 2939 2406 2983 am
2466 2918 2695 2982 statim
2742 2916 2927 2980 enim

586 3029 855 3088 coactus
925 3030 1073 3088 erat
1117 3021 1514 3088 Seleucidae
1559 3022 1898 3089 Antiocho
1935 3023 2320 3109 relinquere
2357 3029 2625 3111 partem
2673 3020 2926 3087 Asiati-

587 3151 738 3194 cam
782 3129 1052 3217 imperii
1095 3130 1520 3216 Lysimachi3
1566 3130 1642 3194 in
1685 3130 1963 3218 Europa
2002 3137 2231 3196 autem
2251 3131 2439 3195 haud
2464 3131 2685 3195 minus
2710 3128 2928 3196 validi

587 3238 957 3303 adversarii
1018 3243 1253 3302 contra
1297 3259 1451 3302 eum
1490 3237 1915 3322 exstiterunt,
1983 3260 2230 3326 nempe
2273 3237 2575 3324 Pyrrhus
2617 3237 2925 3325 Epirota,

585 3343 973 3429 Antigonus
1041 3344 1365 3429 GonataS,
1433 3334 1655 3430 neque
1701 3344 1925 3409 minus
1971 3343 2347 3410 Antiochus
2402 3345 2531 3409 sibi
2573 3345 2925 3409 vindicare

585 3450 916 3539 pergebat
957 3457 1226 3537 partem
1269 3451 1539 3539 imperii
1581 3452 1852 3537 paterni
1897 3451 1970 3515 in
2012 3451 2291 3539 Europa
2336 3450 2554 3515 sitam.

674 3557 944 3644 Epirus,
1012 3557 1428 3644 temporibus
1496 3556 1826 3645 Philippi,
1900 3557 2276 3624 Alexandri
2324 3563 2392 3623 et
2437 3558 2503 3622 di
2513 3557 2925 3623 adochorum

586 3664 1088 3751 quodammodo
1137 3686 1292 3729 cum
1335 3663 1742 3730 Macedonia
1787 3664 2170 3747 cohaerenS,
2231 3665 2513 3730 tandem
2574 3687 2615 3729 a
2659 3662 2925 3749 Pyrrho

585 3773 660 3837 in
723 3771 1001 3859 plenam
1065 3770 1453 3836 libertatem
1512 3774 1847 3856 restituta,
1889 3771 2304 3859 amplificata
2347 3777 2512 3855 erat,
2559 3791 2716 3835 cum
2764 3769 2926 3835 Am-

584 3879 815 3944 bracia
858 3878 1019 3943 urbs
1064 3878 1257 3943 sedes
1301 3880 1496 3964 regni
1539 3877 1726 3943 facta
1770 3885 1946 3943 esset
1966 3879 2039 3965 2).
2133 3876 2351 3942 Simul
2410 3876 2810 3964 Tymphaea
2857 3881 2927 3940 et

584 3983 957 4068 Paravaea‚
1003 3984 1394 4072 provinciae
1443 4007 1619 4071 quae
1665 3985 2087 4072 aliquamdiu
2133 3986 2221 4050 ad
2257 3984 2728 4049 Macedoniam
2773 4004 2926 4070 per-

584 4094 954 4175 tinuerunt,
1001 4113 1213 4177 regno
1261 4090 1624 4177 adjunctae
1660 4098 1874 4157 erant.

639 4307 687 4374 1)
724 4308 985 4378 Polyaen.
1022 4308 1074 4361 4.
1111 4307 1196 4360 12.
1236 4307 1321 4361 13.
1359 4306 1519 4361 Diod.
1557 4307 1642 4360 21.
1685 4307 1753 4361 13
1790 4307 1992 4370 (TzetZ.
2030 4307 2169 4362 Hist.
2207 4308 2257 4361 6.
2296 4306 2406 4370 53).

641 4396 689 4463 2)
725 4397 872 4451 Plut„
911 4397 1106 4467 Pyrrh.
1144 4397 1195 4448 6.
1236 4397 1438 4451 Strabo
1474 4396 1595 4449 325.
1643 4395 1876 4457 μάλιστα
1912 4395 1959 4445 δ’
1976 4394 2242 4458 impona-ev
2279 4395 2439 4452 αὐτὴν
2464 4394 2648 4458 Πύρρος
2683 4395 2926 4462 βασιλείῳ

589 4485 897 4551 χρησάμενος
931 4491 1002 4550 τῷ
1041 4487 1194 4549 τόπῳ.
