3338 5350
1633 535 1763 601 108

614 731 1026 818 Synedrium
1072 730 1360 798 consulit
1406 732 1492 795 de
1534 754 1725 819 pace,
1773 737 1841 796 et
1887 732 1971 796 de
2016 732 2476 797 continuando
2521 732 2700 798 bello
2725 733 2790 813 ¹).

614 838 856 904 Graeci
927 859 1073 903 sese·
1137 838 1443 904 societati
1513 837 2034 925 applicaverunt
2103 845 2221 904 aut
2291 842 2438 902 κατ’
2487 836 2677 919 ἔθνος,
2741 845 2864 904 aut

525 943 696 1009 κατὰ
745 943 923 1008 πόλιν
947 944 1025 1031 2).

611 1050 717 1116 De
755 1051 957 1118 modo
1029 1049 1356 1137 suffragia
1424 1050 1712 1135 ferendi,
1776 1054 1861 1119 de
1929 1074 2210 1119 numero
2279 1052 2752 1138 suffragiorum
2820 1077 2865 1119 a

522 1157 801 1244 singulis
845 1158 1139 1224 latorum
1183 1157 1355 1223 nihil
1396 1179 1521 1246 pro
1560 1166 1740 1226 certo
1764 1166 2186 1248 compertum
2206 1160 2555 1226 habemus.
2603 1161 2865 1226 Tamen

524 1266 844 1352 suspicari
926 1266 1143 1330 ausim
1210 1265 1507 1350 singulos
1576 1266 1786 1333 socios
1873 1266 2143 1353 singula
2217 1265 2542 1352 suffragia
2603 1265 2860 1331 tulisse.

521 1371 747 1458 Vulgo
816 1377 1044 1436 autem
1109 1376 1357 1459 putant
1424 1373 1553 1437 viri
1601 1373 1782 1438 docti
1849 1374 2061 1439 secuti
2107 1374 2518 1439 Kumanidis
2566 1380 2634 1438 et
2677 1374 2745 1439 vi
2791 1373 2863 1438 di

521 1478 820 1545 Koehler
866 1479 1269 1544 sententiam
1290 1477 1364 1564 3),
1411 1480 1920 1567 inscriptionem
1962 1479 2266 1545 Atticam
2312 1478 2384 1544 O.
2409 1479 2464 1546 Ι.
2491 1481 2573 1547 Α.
2622 1480 2696 1546 Π
2729 1484 2866 1561 184

522 1607 665 1652 6666
733 1585 1311 1651 enumerationem
1378 1587 1709 1652 sociorum
1777 1592 1845 1653 et
1891 1586 2369 1673 suffragiorum
2427 1610 2605 1674 quae
2644 1588 2727 1653 ab
2778 1590 2865 1654 iis

519 1695 593 1758 in
654 1692 969 1780 synedrio
1036 1691 1178 1757 lata
1246 1698 1420 1758 sunt.
1516 1691 1653 1759 Sed
1721 1695 1905 1760 unde
1965 1694 2065 1758 illi
2110 1694 2603 1778 Ambraciotae,
2665 1694 2867 1760 Perr-

521 1799 739 1883 haebi,
801 1800 1181 1885 Zacynthii,
1252 1799 1675 1888 Cephallenii
1743 1801 1813 1865 in
1877 1801 2314 1888 inscriptione
2382 1807 2612 1866 nost-ra
2626 1801 2658 1866 t>
2724 1799 2868 1866 Gur

521 1927 660 1972 non
729 1928 770 1972 a
834 1906 1135 1973 Diodoro
1179 1913 1657 1991 memorantur,
1709 1929 1864 1973 cum
1902 1909 2113 1973 socios
2163 1913 2528 1991 enumeret,
2576 1930 2737 1999 cum·
2778 1930 2868 1973 ex

521 2013 847 2079 insulanis
941 2018 1212 2079 tantum
1304 2014 1684 2080 Leucadios
1776 2013 2297 2080 commemoret?
2383 2014 2866 2080 Ambraciotae

520 2142 744 2206 neque
808 2121 1025 2206 magis
1094 2121 1165 2184 in
1232 2118 1536 2186 fontibus
1583 2126 1939 2207 tamquam
1985 2121 2145 2187 socii
2215 2127 2511 2186 aetatem
2559 2121 2868 2186 tulerunt

521 2249 741 2313 neque
813 2228 996 2314 apud
1064 2226 1492 2311 Pausaniam,
1528 2257 1531 2261 ’
1567 2250 1790 2314 neque
1852 2228 2035 2316 apud
2080 2227 2474 2311 Diodorum,
2520 2236 2587 2293 et
2629 2236 2866 2293 tamen

522 2334 682 2399 urbs
751 2333 883 2399 fuit
942 2336 1103 2399 satis
1150 2336 1383 2420 magni
1428 2335 1778 2401 momenti.
1873 2334 2010 2400 Sed
2059 2336 2303 2400 omissa
2369 2341 2489 2419 est,
2538 2334 2867 2421 quoniam

523 2442 826 2506 societati
871 2441 1180 2527 injuncta
1224 2463 1363 2507 non
1409 2448 1575 2508 erat.
1623 2442 2108 2508 Ambraciotae
2145 2443 2326 2506 enim
2351 2463 2529 2507 anno
2553 2443 2682 2507 336
2707 2465 2868 2508 cum

524 2547 695 2613 aliae
740 2549 941 2614 urbes
990 2548 1316 2614 Graeciae
1362 2547 1704 2635 subjectae
1775 2554 1952 2633 sunt,
2002 2548 2086 2614 ab
2134 2546 2525 2615 Alexandro
2550 2548 2868 2614 libertate

522 2656 758 2722 donati
806 2660 1001 2722 erant
1046 2657 1134 2744 (p.
1184 2657 1269 2721 62
1312 2678 1466 2721 ann.
1520 2656 1589 2740 1)
1637 2656 2052 2723 democratia
2095 2655 2233 2721 11116
2271 2657 2418 2741 jam
2439 2656 2599 2723 inde
2625 2656 2708 2722 ab
2733 2656 2871 2723 hoc

477 2814 486 2825 .
521 2771 828 2851 tempore
874 2764 1183 2827 instituta
1227 2768 1371 2828 erat
1394 2762 1470 2850 4).
1568 2762 1739 2828 Cum
1811 2770 2036 2850 autem
2079 2784 2220 2828 non
2263 2768 2502 2850 pateat
2546 2763 2694 2829 iHos
2739 2786 2871 2851 per

523 2870 898 2936 Alexandri
966 2869 1342 2935 absentiam
1408 2870 1747 2957 praesidio
1816 2869 2252 2937 Macedonico
2298 2892 2650 2958 oppressos
2698 2893 2865 2955 esse,

522 3000 642 3043 cur
709 2976 989 3042 tandem
1057 2978 1444 3072 societatem
1503 2978 1830 3061 iniissent,
1909 2976 2036 3041 sibi
2104 2976 2371 3066 nullum
2436 2979 2869 3044 commodum

524 3084 884 3150 allaturam
900 3084 932 3148 Ρ
997 3083 1237 3170 Neque
1304 3086 1520 3170 magis
1585 3090 1780 3172 patet
1822 3083 2261 3149 Ambraciam
2308 3090 2464 3171 post
2508 3084 2870 3150 Lamicum

520 3192 777 3257 bellum
822 3192 893 3256 in
940 3192 1333 3257 servitutem
1377 3191 1727 3256 redactam
1770 3212 1932 3274 esse,
1981 3192 2188 3256 immo
2227 3212 2366 3256 non
2405 3197 2563 3257 ante
2610 3214 2870 3258 annum

520 3299 663 3366 fere
708 3300 842 3365 314
887 3322 927 3364 a
972 3296 1352 3364 Cassandro
1398 3296 1705 3384 subjecta
1752 3304 1853 3363 est
1874 3298 1946 3384 ⁵).
1995 3297 2202 3364 Nullo
2249 3299 2451 3364 modo
2477 3299 2684 3385 igitur
2706 3298 2870 3364 licet

521 3428 913 3472 enumerare
957 3405 1393 3473 Ambraciam
1437 3406 1618 3470 inter
1663 3406 1876 3471 socios
1911 3405 1965 3486 ‚b
1973 3405 2086 3469 elli
2137 3406 2417 3470 Lamici.

523 3596 674 3665 quod
710 3612 943 3664 semper,
979 3595 1067 3650 vel
1102 3611 1246 3649 anno
1283 3593 1389 3648 338
1425 3595 1542 3664 ipse
1579 3593 1866 3663 Philippus
1903 3595 1957 3648 II
1994 3611 2028 3648 a
2064 3594 2226 3648 sociis
2265 3593 2488 3650 Graecis
2524 3595 2581 3647 in
2601 3593 2867 3664 synedrio

523 3684 772 3740 Corinthi
826 3683 1092 3738 exercitui
1140 3701 1250 3752 quo
1291 3683 1700 3753 expeditionem
1735 3684 1791 3736 in
1826 3683 2014 3737 Asiam
2050 3684 2257 3737 faceret
2291 3684 2606 3753 praefectus
2645 3686 2728 3737 est
2766 3682 2859 3751 (cf.

524 3791 642 3843 cap.
682 3775 725 3827 I.
763 3791 812 3843 p.
852 3774 959 3839 41).
999 3773 1117 3843 Ego
1155 3773 1342 3842 potius
1382 3772 1712 3826 crediderim
1741 3773 2067 3826 societatem
2105 3773 2312 3826 factam
2335 3789 2453 3826 esse
2471 3776 2601 3841 post
2622 3788 2869 3842 pugnam

525 3863 674 3933 apud
731 3863 1070 3930 Heracleam,
1128 3865 1183 3915 et
1237 3866 1360 3915 tum
1415 3861 1641 3914 demum
1694 3861 2064 3914 Leosthenem
2122 3877 2156 3913 a
2210 3861 2372 3914 sociis
2428 3864 2623 3929 utpote
2685 3860 2866 3914 civem

523 3952 918 4006 Atheniensem
958 3967 1210 4005 summae
1247 3950 1326 4004 rei
1361 3950 1707 4018 praefectum
1746 3966 1880 4017 esse,
1916 3949 2111 4003 eodem
2150 3949 2317 4003 modo
2339 3966 2449 4017 quo
2472 3951 2864 4018 postmortem

521 4042 638 4105 ejus
673 4040 984 4109 Antiphilus
1021 4056 1274 4094 summus
1311 4038 1427 4093 dux
1464 4042 1686 4092 creatus
1726 4042 1829 4091 est.

577 4129 623 4193 1)
661 4129 820 4183 Diod.
861 4128 943 4182 18.
987 4129 1069 4182 17.
1108 4129 1161 4182 6.

577 4219 623 4285 2)
663 4218 818 4272 Diod.
860 4217 942 4272 18.
984 4218 1066 4271 10.
1105 4218 1155 4271 5.

579 4307 627 4374 3)
666 4308 732 4362 cf.
779 4307 1020 4363 Dittenb.
1060 4307 1179 4361 159.

576 4394 627 4462 4)
667 4396 826 4450 Diod.
868 4396 950 4449 17.
989 4396 1039 4449 3.
1077 4395 1140 4462 3;
1180 4396 1263 4449 17.
1301 4396 1351 4449 4.
1391 4396 1442 4449 3.
1481 4396 1552 4449 cf.
1597 4395 1858 4449 Schaefer
1897 4394 2052 4449 Dem.
2091 4395 2141 4448 3.
2180 4394 2263 4448 95.

576 4484 622 4552 5)
658 4486 841 4540 Kuhn.
881 4502 932 4555 p.
971 4484 1057 4538 83.
