3338 5350
1562 467 1651 535 83

431 691 545 734 res
613 673 851 755 gestae
929 663 1353 754 Olympiadis
1423 666 1623 731 modo
1713 665 2075 730 traduntur
2142 670 2496 751 tamquam
2560 684 2788 732 conse-

438 774 767 861 quentiae
833 775 1031 860 regni
1097 773 1491 861 cupiditatis
1560 770 1705 856 ejus
1776 779 1844 836 et
1888 772 2327 855 iracundiae3
2374 794 2495 838 suo
2535 772 2792 857 judicio

432 902 608 947 vero
692 882 869 944 iuste
916 901 1202 965 regnum
1247 884 1316 943 et
1362 877 1648 943 tutelam
1696 877 1824 942 sibi
1871 877 2285 961 vindicabat,
2328 879 2601 943 tametsi
2634 879 2705 944 id
2752 901 2794 943 a

432 988 679 1074 paucis
750 988 1061 1073 agnitum
1128 993 1248 1051 est.
1370 985 1418 1052 J
1421 1006 1539 1050 ure
1611 984 2025 1050 hereditario
2092 984 2533 1051 Macedonico
2598 1008 2793 1073 prae-

438 1094 777 1181 scriptum
839 1099 1002 1179 erat,
1071 1100 1139 1158 et
1200 1093 1442 1158 eadem
1515 1091 1756 1178 regula
1822 1090 2241 1179 temporibus
2312 1092 2795 1158 diadochorum

438 1222 618 1286 quos
665 1202 920 1284 dicunt,
971 1202 1175 1266 etiam
1222 1199 1372 1264 aliis
1417 1200 1492 1263 in
1536 1199 1926 1285 regionibus
1990 1221 2031 1264 a
2077 1198 2559 1265 Macedonibus
2601 1221 2793 1265 occu-

437 1308 650 1394 patiS,
689 1308 885 1373 verbi
930 1329 1133 1372 causa
1177 1307 1250 1372 in
1299 1307 1620 1393 Aegypto
1669 1305 1945 1370 omnino
1998 1326 2138 1371 non
2185 1305 2647 1393 spernebatur,
2698 1312 2795 1391 ut,

440 1414 504 1478 si
556 1421 771 1479 morte
818 1415 995 1499 regis
1041 1415 1234 1479 heres
1299 1412 1645 1499 legitimus
1703 1412 1998 1499 quidem,
2050 1414 2166 1479 sed
2212 1413 2515 1478 nondum
2561 1413 2798 1479 adulta

441 1526 695 1605 aetate,
744 1522 1029 1605 adesset,
1100 1520 1318 1586 tutela
1385 1520 1695 1606 legitima
1738 1526 1916 1586 esset
1972 1520 2274 1608 personis
2321 1521 2795 1607 superstitibus

441 1631 506 1717 ej
517 1633 756 1696 usdem
804 1630 1050 1716 stirpiS,
1098 1627 1217 1693 sed
1262 1628 1682 1716 provectiore
1727 1633 1992 1708 aetate3
2043 1627 2189 1692 sive
2226 1627 2410 1711 viris,
2458 1627 2602 1693 sive
2648 1650 2794 1692 mu-

439 1738 771 1822 lieribus;
820 1738 963 1802 sive
1007 1735 1222 1801 frater
1265 1735 1421 1819 fuit,
1492 1736 1636 1800 sive
1707 1741 1991 1822 patruus
2054 1733 2360 1800 defuncti
2402 1734 2603 1821 regis,
2651 1736 2797 1801 sive

440 1847 663 1934 ipsius
711 1845 924 1910 vidua
968 1843 1081 1908 vel
1126 1844 1330 1908 etiam
1376 1841 1740 1939 decessoris
1787 1841 1952 1926 ejus,
2000 1841 2209 1926 idque
2253 1841 2623 1906 secundum
2643 1863 2795 1907 eam

439 1953 757 2039 regulam
807 1974 944 2037 qua
989 1951 1209 2035 major
1252 1956 1420 2015 natu
1465 1948 1725 2014 tutelae
1768 1948 2047 2036 propior
2094 1955 2287 2014 esset.

538 2060 588 2126 J
588 2082 670 2123 us
712 2059 1023 2124 naturale
1065 2059 1260 2144 regni
1306 2056 1679 2122 Alexandri
1749 2056 2265 2121 administrandi
2310 2062 2466 2143 post
2509 2062 2795 2122 mortem

443 2166 599 2252 ejus
647 2166 965 2231 Roxanes
1011 2163 1260 2228 infanti
1329 2162 1454 2228 soli
1499 2162 1649 2244 fuit,
1715 2169 2066 2249 tamquam
2110 2162 2250 2229 filio
2299 2170 2548 2248 agnato
2593 2165 2793 2249 regiS,

442 2278 617 2338 nato
679 2294 715 2337 e
783 2272 1212 2336 matrimonio
1273 2269 1480 2355 justo.
1593 2269 1931 2334 Nobilitas
2023 2291 2293 2356 quoque
2360 2269 2796 2336 Macedonica

443 2378 809 2464 Babylone
845 2378 1039 2444 initio
1084 2377 1366 2464 perinde
1396 2377 1756 2462 judicavit,
1804 2382 2041 2463 postea
2107 2384 2336 2441 autem
2387 2384 2621 2442 coacta
2664 2376 2797 2443 fuit

443 2486 797 2575 peditibus
842 2507 1100 2552 morem
1166 2507 1418 2571 gerere,
1468 2484 1676 2549 etiam
1724 2503 2085 2569 agnoscere
2124 2483 2515 2572 Philippum
2561 2486 2795 2551 Arrhi-

449 2595 743 2675 daeum3
790 2594 910 2658 sed
948 2591 1061 2678 jus
1106 2590 1419 2656 naturale
1469 2591 1559 2656 ad
1597 2589 1856 2655 nullum
1897 2591 2025 2654 nisi
2072 2591 2160 2655 ad
2208 2590 2543 2657 infantem
2564 2613 2797 2657 recens

446 2708 697 2768 natum
739 2700 1084 2788 pertinuit.
1181 2698 1318 2765 Sed
1387 2699 1660 2764 cuinam
1702 2699 1921 2764 tutela
1964 2698 2268 2785 legitime
2315 2701 2801 2766 committenda

448 2807 659 2875 erat?
699 2808 858 2873 Non
905 2808 1035 2894 ipsi
1083 2806 1455 2888 Roxanae3
1524 2805 1693 2872 haec
1739 2807 1921 2871 enim
1964 2808 2322 2895 peregrina
2366 2805 2519 2891 fuit,
2567 2808 2795 2872 matri-

450 2916 687 2981 monio
747 2915 931 3000 justo
995 2914 1301 3000 legitime
1348 2912 1643 2999 quidem,
1692 2913 1812 2978 sed
1855 2935 1995 2978 non
2043 2936 2126 2978 ex
2162 2911 2318 2998 jure
2361 2914 2798 2981 Macedonico

450 3044 617 3088 cum
683 3021 1073 3087 Alexandro
1141 3021 1507 3106 conjuncta
1566 3019 1813 3105 fuerat,
1883 3019 2060 3085 hanc
2129 3023 2214 3086 ob
2281 3044 2424 3087 rem
2463 3021 2585 3086 illa
2628 3023 2796 3109 ipsa,

448 3133 697 3215 utpote
740 3127 1120 3216 peregrina,
1168 3149 1544 3213 numquam
1581 3129 1937 3215 imperium
1991 3127 2118 3204 sibi
2162 3129 2512 3194 vindicare
2555 3130 2798 3216 potuit,

450 3258 681 3322 neque
715 3236 1110 3301 vindicavit.

547 3342 864 3408 Profecto
914 3342 1104 3407 nulla
1149 3342 1283 3408 alia
1331 3345 1542 3407 tutrix
1584 3349 1833 3407 natura
1868 3342 2171 3407 indicata
2208 3349 2372 3427 erat,
2396 3345 2525 3409 nisi
2567 3342 2797 3431 Olym-

451 3453 633 3539 pias,
704 3450 859 3515 huic
934 3452 1113 3515 enim
1177 3449 1291 3536 jus
1336 3450 1472 3515 fuit
1517 3451 1766 3537 agendi
1818 3449 2100 3514 infantis
2144 3449 2312 3534 loco,
2352 3456 2591 3539 utpote
2644 3451 2799 3516 avia

451 3558 655 3644 regni
698 3558 1140 3644 procuratrix.
1211 3555 1471 3622 Tamen
1517 3579 1603 3621 ne
1653 3557 1937 3622 verbum
1980 3557 2251 3643 quidem
2304 3558 2389 3623 de
2428 3557 2628 3643 hujus
2645 3559 2800 3643 jure

456 3663 646 3751 apud
685 3685 910 3728 rerum
956 3663 1316 3750 scriptores
1364 3664 1527 3728 anni
1568 3664 1698 3727 323
1744 3664 2111 3747 invenitur,
2153 3665 2270 3730 sed
2317 3686 2519 3729 causa
2563 3667 2634 3729 in
2671 3666 2799 3729 hac

452 3793 533 3835 re
593 3771 982 3856 quaerenda
1028 3776 1147 3853 est,
1196 3770 1373 3856 quod
1445 3792 1666 3856 neque
1710 3771 2090 3855 Perdiccae,
2137 3793 2358 3858 neque
2402 3770 2800 3859 cujusquam

455 3885 840 3944 ceterorum
877 3879 1260 3965 principum
1306 3877 1662 3964 Babylone
1733 3879 2073 3961 intererat,
2138 3886 2219 3943 ut
2283 3878 2449 3944 haec
2514 3879 2795 3945 tutelam

457 3991 715 4071 ageret,
802 3986 1031 4071 itaque
1120 4005 1368 4050 nomen
1440 3985 1584 4071 ejus
1663 3984 1929 4051 silentio
2005 3988 2516 4074 praeterierunt,
2600 4007 2799 4052 nemo

455 4091 594 4157 nisi
660 4092 1019 4174 Eumenes,
1088 4098 1157 4156 et
1224 4098 1463 4179 postea
1531 4092 2042 4180 Polysperchon
2102 4091 2214 4178 jus
2282 4095 2511 4179 regiae
2569 4095 2800 4159 matris

458 4199 771 4284 agnovit.
2882 4191 2885 4194 ’

547 4306 693 4371 Nec
739 4312 969 4371 tamen
1010 4307 1160 4393 ipsa
1204 4306 1442 4392 regina
1480 4305 1592 4392 jus
1638 4329 1837 4372 suum
1881 4308 2229 4373 vindicare
2270 4309 2487 4393 desiit,
2515 4309 2800 4374 eandem

454 4415 547 4481 ob
596 4435 873 4478 causam
916 4433 1053 4478 non
1100 4415 1381 4499 agnovit
1425 4413 1728 4502 Philippi
1796 4413 2159 4480 Arrhidaei
2196 4414 2330 4501 jus,
2379 4418 2554 4502 quod
2584 4417 2801 4482 solum
