3338 5350
1757 502 1843 566 96

719 696 794 761 Si
864 697 1060 762 modo
1127 696 1374 782 reliqui
1443 702 1757 783 satrapae
1846 696 1981 762 illis
2075 697 2577 762 conditionibus
2668 697 2970 765 obsecuti

632 811 874 887 essent,
947 802 1248 892 profecto
1312 803 1674 891 imperium
1744 804 2057 890 quamvis
2119 803 2273 868 laxo
2320 805 2592 870 vinculo
2638 805 2712 869 in
2759 828 2970 871 unum

633 910 1071 996 conjunctum
1137 911 1256 977 diu
1318 916 1498 976 stare
1563 911 1915 997 potuisset,
1944 960 1951 969 .
1979 917 2144 976 tunc
2205 911 2384 975 enim
2430 911 2605 976 nihil
2643 911 2969 997 jubendo,

634 1039 778 1082 sese
822 1017 1057 1105 procul
1102 1018 1419 1083 habendo
1470 1039 1510 1081 a
1554 1017 1757 1083 rebus
1804 1017 2329 1105 provinciarum,
2390 1017 2627 1082 invitis
2682 1019 2970 1106 satrapis

605 1147 778 1190 -sese
845 1146 982 1190 non
1049 1123 1489 1190 immiscendo
1561 1124 2137 1190 administrationi
2205 1123 2629 1190 diversarum
2671 1124 2969 1210 partium

632 1231 920 1319 imperii,
993 1232 1230 1297 eodem
1292 1232 1493 1297 modo
1580 1253 1715 1318 quo
1782 1230 2149 1318 Antipater
2215 1253 2357 1297 sese
2402 1232 2639 1320 procul
2685 1255 2726 1297 a
2769 1232 2968 1297 rebus

631 1338 1026 1425 Lysimachi
1069 1338 1335 1423 habuit,
1382 1361 1520 1426 pax
1565 1339 1822 1405 servari
1865 1339 2215 1426 potuisset.

724 1444 859 1511 Sed
942 1445 1161 1531 major
1245 1467 1403 1533 pars
1486 1453 1914 1533 satraparum
1986 1445 2271 1533 perinde
2355 1468 2433 1511 ac
2515 1444 2965 1530 PtolemaeuS,

631 1573 770 1617 non
859 1557 1130 1617 tantum
1186 1552 1392 1637 jussis
1454 1552 1728 1640 imperii
1788 1575 1927 1618 non
1994 1553 2319 1618 obsecuta
2382 1558 2501 1635 est,
2565 1552 2772 1617 immo
2844 1552 2968 1618 hoc

634 1659 898 1724 studuit
941 1664 1019 1724 ut
1066 1665 1183 1724 aut
1228 1659 1623 1724 universum
1662 1660 2043 1748 imperium,
2072 1666 2199 1724 aut
2244 1658 2483 1724 saltem
2527 1665 2794 1747 partem
2842 1660 2968 1724 sibi

633 1765 1011 1852 subjiceret,
1099 1772 1174 1831 ut
1244 1767 1708 1835 dominaretur
1767 1773 2115 1854 tamquam
2182 1765 2456 1851 regulus
2526 1767 2801 1831 omnino
2865 1766 2967 1830 sui

627 1874 817 1959 juris

720 1980 816 2047 Ut
860 1980 1274 2065 LeonnatuS,
1315 1981 1433 2068 qui
1479 1982 1704 2069 specie
1751 1980 1986 2046 auxilii
2030 1980 2296 2046 ferendi
2342 1981 2709 2068 Antipatro
2733 1986 2967 2045 contra

633 2086 946 2172 Graecos,
992 2089 1426 2154 matrimonio
1473 2110 1592 2154 suo
1639 2111 1792 2153 cum
1839 2086 2202 2176 Cleopatra
2247 2109 2586 2152 summum
2606 2088 2966 2174 imperium

633 2195 762 2260 sibi
807 2196 1155 2263 vindicare
1200 2195 1272 2260 in
1321 2196 1545 2261 animo
1590 2194 1852 2278 habuit,
1899 2195 2006 2260 cui
2033 2194 2310 2261 consilio
2354 2200 2580 2258 autem
2605 2194 2967 2259 immatura

632 2308 849 2368 morte
894 2302 1038 2388 ejus
1087 2302 1243 2367 finis
1287 2302 1643 2390 impositus
1691 2309 1809 2368 est.

721 2409 817 2476 Ut
874 2408 1265 2497 Antigonus
1337 2415 1638 2498 satrapes
1708 2409 2005 2495 Magnae
2072 2408 2416 2494 Phrygiae
2464 2408 2573 2472 cui
2618 2407 2968 2494 negotium

635 2515 1061 2582 commissum
1106 2522 1227 2599 est,
1276 2523 1352 2581 ut
1395 2517 1689 2582 Eumeni
1735 2514 2071 2582 Cardiano
2119 2514 2446 2580 auxilium
2516 2514 2742 2599 ferret,
2792 2520 2869 2578 ut
2910 2514 2966 2578 is

634 2623 1059 2712 provinciam
1128 2646 1323 2690 suam
1370 2623 1874 2713 Cappadociam
1914 2623 1985 2690 vi
2033 2643 2373 2689 armorum
2419 2627 2798 2710 occuparet,
2845 2640 2969 2685 nec

634 2737 865 2796 tamen
910 2731 1048 2796 ulla
1091 2731 1159 2795 in
1210 2754 1283 2797 re
1321 2730 1525 2818 jussis
1573 2732 1819 2797 summi
1862 2731 2132 2819 imperii
2178 2730 2534 2824 obsecutus
2582 2735 2702 2794 est.

723 2838 919 2904 Solus
965 2838 1303 2904 Eumenes
1347 2840 1421 2904 in
1468 2840 1779 2905 omnibus
1823 2839 2022 2904 rebus
2089 2837 2295 2902 fidem
2343 2837 2643 2903 debitam
2688 2836 2969 2924 praesti-

634 2948 740 3031 tit,
784 2947 897 3011 hic
943 2968 1208 3033 semper
1252 2969 1394 3013 sese
1439 2947 1756 3036 praebuit
1798 2946 2201 3012 fidissimum
2268 2946 2541 3027 socium,
2584 2949 2654 3008 et
2690 2942 2968 3007 tandem

635 3054 911 3119 unicum
956 3053 1299 3118 vindicem
1344 3054 1613 3141 imperii
1655 3055 1731 3119 in
1774 3054 1960 3119 Asia.

725 3161 902 3239 Quid
988 3160 1227 3226 mirum
1309 3162 1519 3247 igitur
1586 3162 2010 3247 Antigonum
2070 3160 2261 3225 illum
2331 3182 2371 3226 a
2434 3157 2758 3223 Perdicca
2817 3178 2968 3245 pro-

636 3268 862 3333 vincia
951 3289 1072 3332 sua
1159 3266 1448 3353 ejectum
1536 3291 1697 3353 esse,
1782 3268 2290 3355 Phrygiamque
2371 3265 2665 3332 Eumeni
2738 3264 2967 3329 datam

638 3397 779 3440 esse
816 3373 922 3459 1)?
1057 3375 1482 3462 Quamquam
1574 3375 1725 3441 fieri
1813 3398 1953 3441 non
2039 3375 2265 3463 potuit
2354 3375 2520 3461 quin
2610 3371 2781 3436 haec
2865 3392 2968 3436 res

638 3506 839 3548 causa
897 3480 1082 3547 facta
1140 3482 1227 3547 sit
1271 3480 1434 3546 belli
1501 3489 1925 3571 satraparum
1989 3488 2224 3566 contra
2289 3481 2704 3566 Perdiccam,
2780 3504 2969 3571 prae-

637 3590 867 3655 sertim
936 3610 1090 3654 cum
1162 3589 1291 3672 hic,
1362 3589 1721 3677 repudiata
1786 3590 2063 3674 Nicaea,
2138 3588 2491 3678 Antipatri
2549 3589 2713 3671 filia,
2785 3611 2970 3679 prae·

637 3695 891 3761 fectum
931 3695 1368 3762 Macedoniae
1417 3697 1504 3761 ad
1542 3697 1931 3763 societatem
1977 3719 2132 3762 cum
2170 3697 2517 3783 Antigono
2557 3698 2968 3763 adduxisset.

637 3804 876 3890 Neque
921 3804 1138 3889 magis
1182 3825 1287 3869 res
1333 3809 1564 3889 gestae
1609 3804 1985 3869 Ptolemaei
2031 3826 2071 3868 a
2109 3825 2369 3869 summo
2394 3804 2677 3891 imperio
2699 3803 2968 3869 tolerari

636 3916 1027 3997 potuerunt.
2712 3893 2715 3896 ¹

728 4018 866 4084 Sed
926 4017 1012 4083 ab
1081 4018 1296 4084 altera
1339 4023 1534 4104 parte
1580 4025 2112 4084 consentaneum
2157 4025 2260 4083 est
2317 4018 2665 4105 suspicari,
2712 4017 2966 4105 praeci-

637 4148 773 4213 pue
818 4127 1283 4214 quaestionem
1357 4126 1442 4190 de
1486 4125 1757 4190 tributis
1825 4147 2025 4212 quam
2087 4125 2414 4190 maximas
2458 4130 2686 4212 partes
2733 4126 2965 4212 egisse,

691 4444 742 4512 1)
780 4446 846 4499 cf.
883 4463 935 4515 p.
974 4445 1057 4499 91.
