3338 5350
1480 566 1606 634 129

380 765 667 832 Graecia
703 763 833 829 hac
879 762 1198 840 societate
1245 762 1593 827 niteretur.
1658 762 1802 828 Sub
1840 762 2161 850 Philippo
2208 767 2279 826 et
2320 759 2710 826 Alexandro

378 874 507 938 hoc
556 872 832 958 quidem
899 892 1137 935 verum
1185 877 1305 953 est,
1375 871 1494 935 sed
1553 869 1906 957 Antipatri
1973 889 2188 955 genus
2236 866 2715 933 dominationis

378 1001 650 1067 prorsus
724 977 1150 1064 discrepabat
1212 999 1253 1041 a
1297 976 1752 1064 praecedenti,
1825 974 1936 1059 (cf.
2000 997 2205 1063 supra
2249 998 2317 1063 p.
2368 974 2496 1038 110
2542 973 2716 1059 sqq.)
2811 1027 2820 1034 .

381 1086 563 1172 quod
631 1086 908 1171 insuper
975 1082 1413 1149 confirmatur
1476 1083 1704 1149 verbis
1770 1083 1981 1170 ipsius
2042 1082 2295 1147 decreti
2356 1080 2714 1168 Polysper·

380 1192 643 1258 chontis
704 1192 887 1280 apud
956 1190 1332 1256 Diodorum
1389 1189 1491 1255 18.
1562 1190 1667 1255 56.
1738 1191 1781 1254 3
1824 1211 1838 1254 ε
1887 1191 2063 1268 ἡμεῖς
2130 1188 2195 1252 δὲ
2254 1192 2550 1267 τιμῶντες
2611 1189 2716 1265 τὴν

383 1299 452 1377 ἐξ
523 1301 726 1380 ἀρχῆς
796 1297 1132 1379 προαίρεσιν
1194 1295 1743 1377 κατασκευάζομεν
1807 1297 1942 1376 ὑμῖν
2005 1296 2241 1377 εἰρήνην,
2289 1294 2607 1367 πολιτείας
2652 1294 2717 1358 δὲ

384 1407 502 1479 τὰς
550 1406 652 1471 ε’πὶ
723 1404 1035 1470 Φιλίππου
1103 1405 1206 1470 καὶ
1277 1403 1684 1484 Ἀλεξάνδρου
1744 1404 1850 1468 καὶ
1920 1402 2138 1468 τᾶλλα
2208 1402 2500 1483 πράττειν
2546 1400 2716 1466 κατὰ

383 1514 465 1578 τα
550 1512 1015 1593 διαγράμματα
1076 1512 1159 1577 τὰ
1246 1511 1520 1592 πρότερον
1589 1512 1695 1576 ὑπ’
1778 1511 2000 1576 ἐκείνων
2071 1509 2423 1592 γραφέντα.
2533 1509 2718 1588 Quae

383 1644 538 1686 cum
621 1621 719 1686 ita
802 1620 940 1685 sint
1020 1625 1316 1685 statuere
1382 1624 1651 1707 oportet
1711 1618 2398 1707 Polyosperchontem
2462 1637 2720 1683 novum

385 1728 777 1815 synedrium
844 1726 1237 1811 instituisse,
1286 1727 1467 1813 quod
1516 1732 1747 1791 autem
1792 1726 1936 1791 sine
1982 1726 2189 1791 dubio
2234 1746 2374 1790 non
2425 1723 2719 1792 multum

386 1815 816 1923 discrepabat
876 1856 916 1898 a
984 1834 1325 1921 superiore
1386 1832 1696 1899 Corinthi
1743 1833 2060 1920 synedrio
2109 1855 2149 1898 a
2192 1831 2515 1919 Philippo
2561 1851 2717 1896 con-

390 1943 629 2008 stituto
658 1941 726 2025 ¹).

476 2048 791 2114 Ceterum
858 2048 1118 2135 legatos
1186 2049 1370 2113 misit
1435 2048 1508 2113 in
1554 2070 1786 2114 omnes
1853 2037 2052 2113 urbes
2087 2046 2556 2136 Peloponnesi,
2603 2046 2722 2134 qui

389 2163 692 2221 auctores
740 2161 962 2221 essent
1007 2162 1084 2221 ut
1151 2155 1690 2221 interficerentur
1741 2156 2176 2241 magistratus
2225 2155 2309 2220 ab
2354 2155 2721 2242 Antipatro

387 2263 758 2347 constituti,
830 2270 906 2328 ut
948 2262 1136 2351 plebi
1195 2262 1475 2328 libertas
1519 2263 1950 2347 redderetur3
2003 2263 2259 2329 multae
2326 2263 2524 2328 urbes
2569 2283 2725 2327 con-

390 2368 555 2434 siliis
602 2369 748 2455 ejus
794 2369 1154 2436 obsecutae
1199 2377 1374 2454 sunt,
1422 2370 1678 2457 ubique
1744 2372 1983 2436 caedes
2029 2376 2341 2458 patratae
2387 2375 2564 2453 sunt,
2605 2370 2723 2434 sed

386 2476 833 2564 Megalopolis
902 2477 974 2541 in
1043 2476 1180 2543 fide
1247 2476 1608 2542 Cassandri
1678 2477 1947 2543 mansit.
2060 2477 2172 2542 Ad
2239 2476 2418 2542 hanc
2486 2476 2722 2542 urbem

388 2581 895 2671 Polysperchon
984 2584 1329 2672 repulsam
1385 2583 1547 2649 tulit
1636 2591 1708 2651 et
1774 2585 1849 2649 in
1936 2583 2407 2651 Macedoniam
2474 2583 2724 2650 reverti

389 2698 660 2757 coactus
720 2697 839 2775 est,
914 2714 1068 2758 cum
1133 2691 1311 2757 filius
1382 2691 1526 2778 ejus
1588 2693 1980 2759 Alexander
2038 2694 2237 2758 rebus
2275 2692 2725 2781 Peloponnesi

387 2806 745 2886 praeesset.
795 2800 1058 2865 Eodem
1104 2805 1406 2887 tempore
1451 2800 1767 2867 Athenae
1813 2823 1956 2866 sese
1998 2823 2136 2867 non
2177 2799 2467 2889 amplius
2492 2808 2726 2866 contra

390 2903 844 2971 Cassandrum
889 2908 959 2971 in
1019 2906 1260 2973 Piraeo
1307 2914 1600 2974 stantem
1647 2911 1974 2975 sustinere
2018 2915 2405 2997 potuerunt,
2455 2915 2725 2975 coactae

389 3012 669 3078 fuerunt
715 3036 954 3101 pacem
1001 3036 1155 3080 cum
1186 3037 1264 3081 eo
1309 3014 1553 3082 facere.

479 3120 738 3186 Multae
784 3121 957 3187 aliae
1001 3122 1201 3188 urbes
1247 3130 1495 3209 autem,
1568 3145 1742 3210 quae
1789 3125 2019 3190 omnia
2066 3147 2106 3189 a
2150 3124 2725 3213 Polysperchonte

392 3234 459 3293 et
527 3228 615 3293 ab
684 3229 904 3295 edicto
975 3229 1121 3315 ejus
1168 3237 1715 3319 expectaverant,
1785 3254 1968 3297 nunc
2011 3231 2329 3297 viderunt
2374 3253 2526 3297 eum
2572 3253 2723 3320 pro-

390 3335 596 3400 missa
662 3357 785 3400 sua
856 3338 1130 3423 exsequi
1178 3359 1317 3403 non
1361 3360 1577 3426 posse,
1643 3340 2160 3427 exemplumque
2204 3338 2727 3405 Atheniensium

392 3448 680 3527 secutae,
725 3442 972 3509 iterum
1017 3444 1379 3511 Cassandri
1425 3445 1734 3534 partibus
1780 3447 2051 3512 studere
2095 3466 2377 3533 coepere
2399 3446 2473 3531 2).

483 3549 861 3636 Optimates
909 3550 1430 3617 Atheniensium
1491 3554 1706 3618 auctis
1751 3553 2009 3619 viribus
2053 3554 2125 3618 id
2172 3553 2608 3641 pervicerunt
2653 3560 2730 3618 ut

393 3655 552 3721 urbs
615 3677 758 3721 sese
822 3657 984 3723 fidei
1052 3658 1505 3724 committeret
1586 3657 1991 3727 Cassandri:
2061 3657 2362 3724 τίθεσθαι
2434 3659 2518 3724 τὰ
2589 3661 2729 3740 πρὸς

393 3761 572 3826 αὐτὸν
621 3764 697 3835 ὡς
743 3760 816 3827 ἂν
865 3761 899 3844 ᾖ
946 3764 1198 3830 δυνατόν
1226 3766 1274 3845 3)
1385 3767 1673 3853 Legatio
1723 3774 1949 3833 autem
1997 3768 2082 3833 ad
2129 3768 2305 3833 hanc
2343 3789 2486 3833 rem
2525 3768 2730 3834 missa

395 3871 482 3935 ad
529 3868 1006 3956 Cassandrum,
1074 3872 1246 3938 nihil
1293 3872 1536 3958 effecit,
1606 3895 1828 3960 neque
1888 3874 2107 3960 magis
2155 3873 2386 3957 altera,
2436 3875 2728 3941 secundo

392 3976 540 4043 loco
607 3977 831 4044 missa.
944 3979 1145 4045 Nunc
1236 3987 1463 4046 autem
1534 4004 1573 4045 a
1637 3987 1834 4068 parte
1926 3979 2287 4046 Cassandri
2346 3982 2730 4048 Demetrius

394 4084 763 4150 Phalereus
807 4084 1073 4172 legatus
1119 4087 1194 4150 in
1236 4086 1475 4152 urbem
1518 4087 1834 4172 mittitur,
1882 4088 2001 4174 qui
2036 4095 2232 4152 tanta
2269 4089 2731 4154 moderatione

449 4341 499 4407 1)
535 4344 600 4397 cf.
641 4344 836 4414 Droys.
875 4344 925 4396 2.
964 4344 1012 4397 1.
1051 4344 1155 4397 227
1194 4361 1317 4399 ann.
1359 4345 1407 4399 1.

449 4431 499 4496 2)
534 4432 691 4487 Diod.
729 4432 812 4487 18.
851 4432 936 4485 74.
975 4433 1022 4486 1.

451 4519 501 4590 3)
537 4522 670 4576 Ibid.
