3338 5350
1712 543 1798 607 56

579 758 718 803 non
761 742 1129 824 potuerunt
1174 736 1304 802 nisi
1350 735 1549 822 hujus
1596 737 1864 803 concilii
1910 739 2329 823 auctoritate,
2387 738 2644 805 bellum
2689 763 2909 806 exem-

581 845 682 932 pli
713 842 947 930 'gratia
990 843 1200 908 indici
1245 866 1382 910 non
1427 844 1668 932 potuit,
1738 845 1870 910 nisi
1930 846 2410 933 comprobante
2454 847 2811 913 nobilitate
2839 849 2910 932 ¹),

584 951 929 1038 pacssiones
977 950 1061 1015 ab
1109 973 1189 1016 ea
1227 951 1601 1017 firmandae
1647 958 1840 1017 erant
1865 953 1941 1038 2),
2004 953 2258 1017 crimen
2311 954 2786 1040 perduellionis
2826 955 2912 1021 ab

583 1079 664 1124 ea
702 1056 1138 1144 judicabatur
1160 1057 1237 1145 3),
1296 1065 1451 1146 post
1508 1058 1884 1126 Alexandri
1928 1066 2214 1126 mortem
2258 1060 2595 1126 consuluit
2640 1062 2726 1127 de
2769 1085 2912 1127 suc-

583 1166 882 1230 cessione
924 1166 1117 1251 regni
1141 1166 1212 1251 4).

668 1270 1016 1337 Postremo
1083 1271 1230 1338 loco
1299 1273 1373 1336 in
1438 1273 1638 1338 rebus
1701 1273 1977 1338 maximi
2036 1275 2359 1339 momenti
2430 1276 2652 1341 contio
2696 1275 2914 1363 plebis

581 1399 1092 1464 nonnumquam
1160 1384 1531 1444 convocata
1580 1385 1700 1463 est,
1766 1385 1844 1444 ut
1891 1380 2319 1445 confirmaret
2358 1381 2628 1446 decreta
2673 1382 2915 1448 nobili-

580 1485 739 1551 tatis
760 1485 833 1570 5),
908 1507 1057 1551 eam
1124 1485 1382 1551 consuli
1453 1487 1526 1550 in
1592 1486 1793 1551 rebus
1861 1486 2262 1574 capitalibus
2315 1486 2461 1572 jam
2523 1510 2732 1576 supra
2776 1490 2912 1555 dic-

580 1598 727 1658 ium
773 1598 894 1658 est.

666 1698 773 1764 Ex
831 1699 1391 1787 praecedentibus
1454 1706 1738 1787 apparet
1803 1720 2033 1785 regem
2104 1699 2177 1764 in
2233 1699 2632 1766 Macedonia
2675 1708 2912 1789 poten-

576 1809 911 1872 tissimum
956 1807 1230 1893 quidem
1297 1805 1523 1889 fuisse,
1594 1806 2020 1872 voluntatem
2067 1806 2210 1891 ejus
2259 1809 2552 1881 maxime
2597 1808 2910 1893 valuisse,

577 1914 801 2001 ipsum
847 1912 1152 1998 regimen
1197 1936 1233 1978 θ
1278 1934 1439 1999 rege
1485 1914 1908 2002 pependisse,
1957 1919 2187 1978 tamen
2235 1911 2368 1978 fuit
2413 1936 2701 2000 regnum
2743 1915 2910 1999 legi-

574 2022 837 2102 timum,
885 2020 1279 2085 obstrictum
1353 2022 1549 2086 certis
1608 2019 1985 2087 rationibus
2056 2026 2122 2085 et
2192 2020 2709 2103 conditionibus,
2777 2020 2912 2086 fuit

575 2148 863 2213 regnum
906 2127 1196 2192 militare
1241 2129 1313 2192 in
1359 2149 1491 2214 quo
1536 2128 1710 2193 ratio
1757 2148 1931 2214 quae
1974 2127 2149 2191 inber
2190 2147 2423 2212 regem
2462 2133 2530 2192 et
2576 2127 2910 2214 subjectos

573 2233 1038 2299 intercedebat
1086 2233 1351 2319 legibus
1395 2233 1533 2299 fixa
1580 2239 1744 2299 erat.

663 2339 1061 2428 Philippum
1104 2339 1353 2406 multas
1399 2340 1597 2407 urbes
1659 2341 1917 2428 cepisse
1961 2361 2308 2427 regnoque
2353 2363 2473 2406 suo
2520 2341 2912 2427 adjunxisse

568 2445 717 2532 jam
784 2469 988 2534 supra
1055 2447 1384 2513 traditum
1452 2452 1569 2512 esta.
1661 2448 1834 2513 Inde
1903 2447 1988 2512 ab
2057 2448 2319 2534 origine
2387 2448 2585 2514 urbes
2642 2448 2717 2513 in
2761 2449 2911 2536 ipsa

574 2554 973 2620 Macedonia
1043 2555 1408 2620 admodum
1467 2576 1679 2638 rarae,
1754 2559 1821 2620 et
1906 2552 2157 2619 nullius
2224 2555 2551 2620 momenti
2611 2553 2907 2637 fuerunt,

573 2658 942 2726 latifundia
1009 2661 1211 2746 enim,
1279 2661 1562 2750 praedia
1624 2684 1876 2749 magna
1945 2683 2118 2748 quae
2184 2661 2444 2728 nobiles
2490 2663 2909 2751 possessione

574 2766 899 2833 tenebant
967 2772 1201 2856 (supra
1258 2790 1324 2855 p.
1368 2768 1480 2850 47)
1572 2768 1718 2833 sine
1786 2768 1993 2834 dubio
2074 2768 2562 2856 impedimento
2629 2768 2909 2835 fuerunt

575 2873 931 2960 quominus
1000 2875 1201 2941 urbes
1268 2882 1643 2941 crescerent
1707 2883 1777 2941 eb
1835 2875 2280 2942 florescerent).
2374 2874 2512 2942 Sed
2556 2877 2701 2965 ipse
2747 2876 2906 2941 Phi-

571 2980 799 3068 lippus
868 2986 1199 3067 quantum
1242 2981 1467 3069 potuit
1513 2981 1585 3047 id
1646 2982 1894 3067 agebat
1960 2988 2037 3047 ut
2109 2983 2287 3048 vires
2353 2984 2547 3069 regni
2608 2983 2910 3048 firmaret

576 3086 954 3174 colligendo
998 3088 1280 3153 ruslzicos
1333 3094 1401 3153 et
1435 3094 1739 3176 pastores
1786 3092 1869 3153 in⁴
1903 3090 2123 3171 urbeS‚
2194 3112 2361 3177 quas
2406 3091 2549 3178 ipse
2598 3095 2717 3155 aui,
2752 3111 2908 3155 con-

572 3195 744 3259 didit
787 3201 904 3260 aut
950 3194 1379 3261 confirmavitz
1424 3201 1492 3260 et
1541 3196 1751 3261 auxii..
1823 3194 1935 3262 Sic
1975 3197 2307 3263 Heraclea
2350 3196 2704 3284 Lynceshis
2750 3196 2907 3261 Phi-

455 3315 460 3321 ·
571 3301 759 3390 lippo
807 3302 1249 3368 adscribenda
1290 3309 1392 3368 est
1438 3307 1530 3390 (p.
1580 3305 1651 3390 7)
1699 3304 1935 3369 eodem
1983 3304 2184 3370 modo
2255 3326 2388 3390 quo
2436 3303 2649 3368 altera
2692 3303 2905 3369 Hera-

570 3408 714 3474 clea
759 3430 1003 3496 nempe
1050 3407 1335 3492 Sintica3
1384 3432 1505 3475 rex
1546 3409 1812 3476 Pelium
1857 3432 2123 3497 quoque
2169 3410 2488 3476 firmavit.
2535 3411 2727 3476 Pella
2759 3411 2907 3496 jam

571 3517 943 3602 antiquitus
1013 3517 1379 3603 praecipua
1421 3516 1577 3581 urbs
1622 3516 2059 3583 Macedoniae
2082 3516 2129 3597 6)
2175 3517 2292 3583 ubi
2340 3517 2694 3605 Philippus
2741 3518 2903 3583 edu-

571 3628 759 3688 catus
807 3629 925 3705 est,
972 3621 1173 3707 hujus
1234 3623 1543 3710 auspiciis
1613 3625 1888 3689 demum
1933 3645 2224 3690 crescere
2283 3626 2507 3712 coepit
2528 3626 2600 3709 ⁷).
2651 3622 2901 3689 Secun-

570 3728 734 3794 dum
800 3739 920 3794 v.¹¹¹
973 3729 1108 3794 cl.m
1157 3752 1295 3795 van
1361 3730 1778 3796 Herwerden
1823 3732 1895 3795 in
1950 3732 2174 3796 medio
2236 3732 2755 3818 relinquendum
2799 3736 2904 3795 est

620 3961 667 4031 1)
704 3962 901 4016 Justin.
940 3962 1025 4015 33.
1066 3963 1115 4014 1.
1154 3962 1203 4014 4.

617 4049 664 4119 2)
701 4050 912 4104 Arrian.
950 4051 998 4103 2.
1039 4050 1122 4105 25.
1161 4051 1209 4105 2.
1327 4052 1335 4058 ’

619 4140 667 4199 3)
702 4141 821 4194 Arr.
863 4141 911 4194 1.
953 4140 1037 4194 25.
1075 4141 1123 4193 4.

617 4228 663 4296 4)
701 4228 856 4283 Diod.
899 4227 981 4283 18.
1020 4229 1069 4282 2.
1109 4229 1157 4282 2.

616 4317 663 4385 5)
701 4318 858 4372 Diod.
901 4317 983 4371 18.
1024 4319 1073 4372 4.
1110 4318 1159 4371 3.

615 4406 665 4469 6)
704 4407 949 4476 Xenoph.
987 4407 1123 4461 Hell.
1164 4408 1211 4461 5.
1252 4407 1300 4460 2.
1342 4408 1425 4461 13.

621 4495 670 4560 7)
710 4495 911 4550 Strabo
948 4495 1069 4549 330.
1108 4496 1192 4549 20.
