3338 5350
1503 524 1586 587 13

374 740 721 784 concessas
790 740 934 784 esse
1001 723 1354 804 tamquam
1413 718 1792 805 praemium
1859 717 2293 783 liberalitatis
2363 716 2506 803 ejus
2552 739 2715 804 erga

375 824 655 891 affinem
701 847 917 890 suum.
963 825 1193 890 Etiam
1240 825 1720 913 suspicandum
1765 831 1867 889 est
1913 846 2068 889 cum
2111 835 2187 890 v⁰
2211 825 2285 890 d0
2308 825 2618 911 Droysen
2641 825 2713 908 1),

372 932 839 999 Alexandrum
912 932 1269 1017 agnovisse
1358 931 1665 1019 Philippi
1748 931 2231 1019 principatum,
2302 953 2715 1018 quamquam

374 1039 564 1104 nulla
618 1061 691 1105 re
756 1045 968 1126 patet,
1023 1038 1596 1125 quemadmodum
1643 1060 1862 1104 novus
1907 1036 2104 1125 Epiri
2146 1060 2267 1103 rex
2312 1061 2350 1102 e
2395 1038 2716 1125 Philippo

375 1146 779 1233 pependerit
801 1146 870 1229 2).

481 1451 516 1536 §
562 1453 632 1520 4.
702 1448 829 1518 Res
872 1447 1262 1532 Thessaliae,
1313 1447 1476 1518 bella
1521 1466 1560 1516 a
1605 1449 1878 1534 Philippo
1925 1451 1982 1518 in
2028 1448 2360 1519 Thessalia
2404 1450 2609 1535 nesta.

471 1618 662 1698 Quod
730 1619 975 1684 attinet
1037 1619 1122 1683 ad
1190 1617 1627 1702 Thessaliam,
1678 1618 1826 1704 jam
1872 1642 2075 1707 supra
2120 1619 2414 1685 diximus
2461 1641 2717 1683 annum

377 1726 508 1790 352
554 1727 833 1791 maximi
879 1725 1204 1792 momenti
1249 1724 1459 1791 fuisse
1506 1725 1851 1814 Philippo.
1899 1727 2078 1793 Nam
2122 1725 2336 1814 pulsis
2382 1725 2713 1812 tyrannis,

378 1838 630 1898 statum
669 1833 1056 1898 Thessaliae
1095 1832 1378 1898 Macedo
1427 1831 1556 1898 hoc
1603 1854 1782 1898 anno
1828 1834 1927 1899 ita
1971 1833 2285 1916 mutavit,
2331 1838 2409 1898 ut
2433 1834 2716 1922 posthac

376 1945 526 2005 tota
591 1938 779 2025 regio
846 1939 1287 2006 Macedoniae
1346 1940 1641 2006 obnoxia
1703 1939 2021 2006 habenda
2067 1941 2172 2005 sit.
2245 1939 2717 2007 Thessalorum

377 2046 656 2133 tyranni
739 2048 938 2130 enim,
1025 2047 1142 2132 qui
1225 2069 1438 2134 usque
1522 2069 1602 2113 eo
1684 2047 2196 2134 imperaverunt
2263 2048 2332 2114 et
2400 2048 2716 2133 gentibus

377 2153 685 2219 finitimis
769 2177 944 2241 quae
1026 2155 1108 2220 iis
1191 2155 1448 2220 tributa
1531 2153 1863 2238 ferebant,
1909 2154 1983 2241 3),
2068 2157 2137 2219 et
2224 2155 2387 2243 ipsis
2454 2155 2716 2220 civibus

378 2263 536 2346 suis,
630 2283 915 2348 quorum
1001 2262 1362 2327 auctoritas
1452 2260 1644 2326 nulla
1711 2261 1859 2345 fuit,
1938 2283 2121 2327 nunc
2201 2262 2380 2348 pulsi
2448 2268 2607 2327 sunt
2631 2262 2715 2347 4)3

375 2369 603 2456 patria
661 2368 974 2433 instituta
1042 2368 1490 2433 restituuntur
1533 2367 1612 2454 5),
1665 2367 2025 2455 Philippus
2073 2374 2153 2432 ut
2196 2369 2451 2434 vindex
2517 2368 2718 2434 liber-

377 2476 539 2540 tatis
615 2474 937 2540 laudatur
975 2474 1049 2558 6),
1133 2473 1373 2540 foedus
1453 2498 1607 2541 cum
1691 2496 1770 2540 eo
1853 2476 2093 2540 ineunt
2176 2474 2499 2560 Thessali,
2586 2498 2718 2561 quo

375 2581 650 2647 foedere
739 2586 971 2646 tamen
1037 2582 1252 2647 coacti
1321 2588 1479 2647 sunt
1543 2583 1617 2646 in
1683 2588 2031 2670 posterum
2091 2582 2434 2670 stipendia
2495 2581 2718 2647 facere

378 2690 452 2755 in
497 2689 803 2778 Philippi
842 2690 1139 2755 exercitu
1176 2690 1240 2769 7).
1289 2690 1577 2777 Insuper
1614 2689 2013 2777 Philippum
2053 2691 2484 2756 donaverunt
2526 2713 2719 2777 prae-

381 2797 597 2884 cipuis
642 2796 970 2861 reditibus
1035 2796 1171 2861 suis
1233 2795 1589 2862 usufructu
1647 2796 2088 2883 vectigalium
2136 2805 2204 2861 et
2246 2798 2717 2885 portoriorum,

380 2904 678 2989 Pagasas
711 2902 1041 2990 oppidum
1082 2903 1145 2968 ei
1186 2904 1665 2969 commiserunt
1692 2903 1765 2988 ⁸),
1806 2925 1962 2968 cum
2009 2904 2092 2969 ab
2135 2904 2349 2969 altera
2383 2911 2580 2992 parte
2602 2927 2721 2969 rex

381 3009 804 3097 Magnesiam
830 3009 1143 3093 muniret,
1171 3010 1392 3097 specie
1416 3010 1692 3096 quidem
1716 3017 1794 3075 ut
1816 3011 2052 3075 urbem
2077 3011 2489 3095 seditiosam,
2516 3033 2722 3097 quam

380 3116 718 3183 Thessalis
771 3117 1089 3200 reddidit,
1139 3139 1291 3182 arce
1360 3123 1429 3182 et
1477 3116 1806 3182 militibus
1854 3116 2309 3183 Macedonicis
2356 3118 2719 3202 cohiberet,

380 3246 619 3290 revera
679 3229 913 3289 tamen
978 3230 1055 3288 ut
1115 3225 1211 3289 sic
1271 3232 1483 3290 semet
1527 3224 1755 3312 ipsum
1799 3229 2036 3289 contra
2080 3223 2436 3290 Thessalos
2484 3225 2720 3290 confir-

381 3336 599 3397 maret
633 3333 702 3413 9).
768 3329 996 3396 Etiam
1058 3330 1541 3397 Perrhaebiam
1586 3336 1656 3396 et
1701 3331 2172 3398 Phthiotidem
2219 3332 2579 3419 occupavit
2617 3331 2718 3417 1⁰),

431 3493 479 3552 1)
515 3495 709 3560 Droys.
750 3495 798 3547 1.
842 3494 889 3547 1.
928 3492 1012 3547 95.

431 3581 480 3645 2)
517 3583 658 3637 Ibid.

431 3669 480 3735 3)
519 3671 721 3726 Strabo
759 3670 882 3726 440.
921 3671 1133 3728 Grilbert
1169 3672 1261 3727 Gr.
1304 3671 1715 3728 Staatsalterth.
1755 3671 1803 3725 2.
1843 3672 1892 3725 6.
1933 3689 2058 3726 ann.
2099 3672 2149 3725 2.

431 3757 478 3825 4)
514 3760 671 3814 Diod.
712 3761 794 3814 16.
831 3760 917 3814 38.
958 3762 1006 3814 1.
1045 3761 1327 3815 Demosth.
1366 3762 1450 3817 22.
1489 3761 1537 3815 8.
1578 3765 1634 3816 et
1678 3762 1762 3814 71.
1803 3762 1885 3814 11.

432 3846 478 3914 5)
516 3847 728 3904 Grilbert
761 3849 810 3902 2.
855 3848 936 3903 10.
980 3866 1104 3903 ann.
1144 3849 1194 3902 2.

433 3934 482 4003 6)
519 3938 806 3993 Demosth.
843 3938 962 3991 240.
1005 3938 1086 3991 10.
1122 3937 1347 3992 Curtius
1385 3938 1476 3993 Gr.
1517 3939 1581 3994 G.
1618 3938 1671 3992 3.
1713 3938 1832 3992 439.

435 4025 482 4091 7)
517 4026 770 4081 Aeschin.
809 4026 1035 4096 Parapr.
1077 4025 1195 4079 138.

434 4113 480 4181 8)
518 4115 700 4171 Schol.
754 4116 1037 4170 Demosth.
1095 4114 1178 4168 15.
1221 4114 1304 4168 18.
1354 4117 1405 4165 οἶ
1439 4120 1693 4169 Θετταλοὶ
1726 4115 1988 4169 δεδώκασιν
2024 4116 2159 4181 αὐτῷ
2195 4117 2429 4181 νέμεσθαι
2469 4121 2723 4183 Παγασὰς

384 4206 467 4254 καὶ
508 4209 576 4257 τὰ
612 4203 853 4267 χρήματα
888 4205 959 4253 τὰ
995 4202 1050 4254 ἐκ
1085 4209 1179 4253 τῶν
1216 4204 1421 4266 λιμένων
1456 4206 1541 4255 καὶ
1578 4213 1671 4268 τῆς
1689 4209 1885 4269 ἀγορᾶς.
1907 4207 1973 4260 of.
1998 4207 2278 4262 Demosth.
2302 4208 2385 4262 15.
2408 4209 2613 4276 2Ο;71.
2639 4210 2725 4261 12.

433 4290 482 4358 9)
525 4293 708 4348 Schol.
746 4293 833 4347 ad.
870 4294 1024 4349 Dem.
1062 4293 1135 4347 l.l.

405 4380 476 4449 10)
513 4382 667 4437 Diod.
726 4382 809 4436 16.
864 4383 948 4436 31.
1007 4382 1055 4435 6.
1115 4382 1316 4437 Strabo
1371 4384 1492 4437 437.
1530 4384 1674 4446 ‚440.
1715 4384 1877 4440 Niese
1915 4386 1964 4439 1.
2005 4385 2091 4440 31.
2132 4387 2198 4440 cf.
2240 4386 2418 4457 Percy
2456 4385 2721 4443 Gardner.

389 4470 685 4541 Catalogue
722 4472 784 4525 of
815 4470 996 4526 Greek
1034 4471 1213 4525 Coins.
1255 4471 1518 4543 Thessaly
1554 4477 1614 4527 to
1651 4473 1866 4528 Aetolia
1903 4491 1956 4544 p.
1994 4475 2180 4529 XXVI.
