3338 5350
1668 515 1795 578 102

565 710 1011 796 Lysimachus
1082 715 1147 774 et
1212 710 1552 798 principes
1620 710 2076 776 Macedoniae.
2171 711 2351 777 Nam
2412 711 2650 777 eodem
2692 711 2893 778 modo

570 839 702 905 quo
745 817 894 903 jam
937 818 1300 904 Antipater
1347 817 1677 882 amicitias
1745 818 2028 903 gerebat
2072 840 2226 883 cum
2270 817 2701 905 LysimachO,
2749 840 2894 884 suc-

567 946 858 991 cessores
905 924 1048 1010 ejus
1095 946 1381 1011 quoque,
1450 924 1781 1012 imprimis
1828 922 2223 1009 Cassander,
2286 948 2551 1013 semper
2593 925 2666 990 id
2712 925 2896 991 stud-

574 1039 839 1116 uerunt,
908 1040 985 1097 ut
1052 1055 1210 1097 usus
1279 1052 1432 1096 cum
1503 1031 1796 1097 finitimo
1867 1053 2073 1118 quam
2138 1033 2561 1119 gratissimus
2630 1038 2801 1098 esset
2824 1031 2894 1115 1).

572 1139 791 1219 Quam
834 1140 920 1205 ob
964 1161 1111 1204 rem
1153 1137 1356 1204 facile
1401 1160 1479 1204 eo
1527 1139 1928 1205 adducimur
1972 1145 2050 1205 ut
2095 1140 2513 1227 suspicemur
2531 1141 2900 1205 terminum

567 1246 1079 1313 Macedonicum
1125 1268 1166 1312 a
1207 1251 1402 1333 parte
1447 1243 1776 1311 Thraciae
1819 1267 1958 1311 non
2005 1252 2163 1311 ante
2196 1247 2328 1312 288
2373 1253 2709 1312 mutatum
2734 1269 2895 1312 esse.

655 1865 694 1941 ἓ
741 1859 807 1928 6.
857 1859 945 1928 De
994 1858 1156 1929 bello
1204 1859 1454 1928 [amico
1500 1859 1571 1929 et
1615 1857 1695 1928 de
1742 1856 2074 1928 societate
2123 1857 2473 1942 Hellenica;
2520 1856 2600 1927 de
2646 1855 2809 1926 beno

1566 1991 1874 2062 Aetolico.

654 2219 1013 2307 Philippus
1059 2225 1129 2285 et
1172 2217 1564 2283 Alexander
1607 2217 1924 2305 synedrio
1973 2217 2401 2283 Corinthiaco
2449 2223 2717 2283 tantum
2761 2240 2901 2284 non

566 2348 797 2394 omnes
844 2326 1135 2392 Graecos
1181 2325 1500 2391 societate
1546 2325 1675 2390 sibi
1720 2322 2235 2409 conjunxerunt,
2284 2345 2531 2411 eosque
2574 2345 2654 2390 eo
2699 2325 2901 2391 modo

567 2433 697 2500 sibi
765 2433 1089 2499 obnoxios
1154 2431 1601 2497 reddiderunt
1671 2436 1749 2496 ut
1805 2431 2027 2519 primo
2088 2432 2313 2519 capite
2367 2432 2903 2497 demonstratum

570 2547 689 2607 est.
784 2539 921 2606 Sed
965 2547 1182 2606 morte
1228 2539 1622 2623 Alexandri,
1692 2560 1798 2603 res
1843 2537 1985 2604 illic
2050 2538 2437 2605 omnimodo
2482 2546 2787 2604 mutatae
2832 2545 2903 2603 et

566 2647 1004 2737 perturbatae
1051 2653 1226 2732 sunt,
1273 2646 1495 2735 prisca
1540 2645 1875 2712 libertatis
1924 2644 2216 2712 aviditas
2240 2645 2654 2712 Graecorum
2677 2645 2902 2712 denuo

567 2755 862 2821 excitata
908 2761 1027 2819 est.

656 2863 704 2929 J
707 2883 817 2926 am
886 2860 1191 2927 omnium
1253 2861 1457 2948 primi
1526 2860 1782 2926 Rhodii
1848 2861 2098 2927 nuncio
2145 2862 2230 2926 de
2273 2860 2650 2927 Alexandri
2684 2867 2903 2926 morte

527 3017 537 3026 =
572 2969 779 3036 allato
817 2967 1063 3054 jugum
1107 2968 1622 3033 Macedonicum
1668 2974 2103 3034 excusserunt
2137 2969 2227 3052 2);
2288 2967 2643 3034 historicus
2687 2966 2904 3034 Thec-

566 3097 858 3163 pompus
905 3076 1023 3161 qui
1070 3074 1341 3161 adjutus
1391 3075 1475 3140 ab
1522 3075 1915 3141 Alexandro
1961 3073 2209 3141 Chium
2250 3076 2325 3139 in
2360 3075 2658 3164 patriam
2680 3096 2903 3141 rever-

568 3188 745 3249 terat
793 3184 1014 3249 denuo
1063 3204 1104 3247 a
1147 3182 1589 3269 popularibus
1635 3181 1935 3270 pellitur,
1981 3204 2140 3247 cum
2175 3181 2322 3268 jam
2376 3188 2579 3248 antea
2621 3182 2904 3271 Ephesii

566 3291 984 3380 praesidium
1026 3289 1545 3356 Macedonicum
1591 3290 1948 3376 ejecissent
1972 3290 2042 3374 3).

658 3397 796 3464 Sed
841 3398 1214 3462 maximum
1257 3397 1637 3484 periculum
1686 3420 1727 3463 a
1770 3403 1969 3485 parte
2011 3397 2224 3485 ipsius
2291 3397 2614 3462 Graeciae
2682 3397 2902 3462 immi-

567 3507 825 3572 nebat..
892 3503 1191 3570 Societas
1237 3505 1418 3570 enim
1463 3526 1619 3570 cum
1663 3504 2066 3571 Macedonia
2112 3527 2149 3569 a
2196 3505 2453 3591 majore
2495 3513 2693 3592 parte
2737 3505 2901 3571 civi—

567 3610 814 3676 tatium
859 3633 998 3677 non
1042 3617 1310 3676 tantum
1358 3611 1687 3678 dissoluta
1735 3618 1854 3691 est,
1918 3612 2037 3677 sed
2081 3611 2360 3700 insuper
2405 3612 2618 3677 altera
2666 3617 2901 3677 contra

567 3718 931 3806 pristinum
976 3718 1229 3784 socium
1273 3718 1447 3783 inita
1492 3726 1610 3802 est,
1657 3726 1739 3784 ut
1777 3740 1920 3784 sese
1959 3717 2128 3804 jugo
2172 3718 2609 3784 Macedonico
2655 3717 2902 3783 libera-

564 3832 738 3890 rent.
828 3825 1135 3890 Fuerunt
1203 3824 1651 3891 Athenienses
1731 3825 1848 3912 qui
1915 3824 2210 3912 reliquas
2259 3826 2457 3890 urbes
2506 3826 2596 3891 ad
2645 3824 2903 3890 bellum

567 3937 803 3998 contra
870 3932 1341 3998 Macedoniam
1407 3933 1886 3999 incitaverunt.
1978 3931 2215 3998 Factio
2302 3933 2480 3997 enim
2548 3931 2902 4020 popularis

619 4201 668 4269 1)
705 4201 859 4256 Diod.
917 4202 1000 4255 20.
1052 4202 1169 4255 106.
1219 4200 1269 4254 3.
1317 4201 1480 4255 Faus.
1530 4200 1576 4253 1.
1619 4200 1701 4253 10.
1743 4201 1789 4255 1.
1829 4201 2116 4264 Λυσιμάχῳ
2153 4199 2205 4251 δὲ
2237 4197 2321 4250 ἐπὶ
2356 4201 2444 4263 μὲν
2470 4199 2714 4264 Ἀριδαίου
2752 4202 2900 4263 βασι-

566 4289 786 4347 λεύοντος
819 4289 905 4339 καὶ
939 4290 1131 4351 ὕστερον
1169 4287 1481 4351 Κασσάνδρου
1517 4287 1603 4338 καὶ
1637 4293 1736 4337 τῶν
1771 4287 1957 4339 παίδων
1995 4289 2140 4352 φιλία
2178 4287 2378 4351 διέμεινε
2413 4290 2527 4351 πρὸς
2563 4288 2862 4347 Μακεδόνας.

622 4380 670 4446 2)
709 4378 866 4433 Diod.
909 4378 991 4432 18.
1032 4379 1080 4431 8.
1120 4378 1167 4431 1.
2106 4447 2113 4452 -

621 4468 670 4535 3)
712 4469 923 4523 Schaef.
963 4467 1246 4522 Demosth.
1287 4468 1335 4519 3.
1374 4466 1478 4519 354
1517 4467 1582 4520 cf.
1622 4471 1827 4521 autem.
1870 4466 2065 4538 Droys.
2106 4468 2154 4520 2.
2196 4469 2244 4522 1.
2283 4467 2351 4520 45
2389 4484 2511 4521 ann.
2552 4473 2585 4519 2
