3338 5350
1554 500 1641 563 99

544 693 678 759 Sed
725 699 939 759 morte
986 693 1336 781 Antipatri
1379 694 1550 759 haec
1593 693 1822 758 omnia
1865 692 2118 759 frustra
2163 691 2349 759 facta
2371 699 2547 775 sunt,
2593 693 2777 758 haud

455 800 553 865 ita
617 800 836 865 multo
901 806 1054 888 post
1124 800 1539 887 Triparadisi
1605 822 1710 865 res
1779 801 2045 888 imperii
2110 800 2335 865 denuo
2380 801 2783 866 constitutae

457 914 634 990 sunt,
706 928 1114 972 successores
1161 909 1303 992 ejus
1348 928 1619 994 prorsus
1676 906 1881 972 aliam
1944 908 2279 973 rationem
2348 907 2559 972 secuti
2604 915 2782 991 sunt,

456 1036 630 1101 quae
676 1013 1052 1079 necessario
1099 1015 1170 1077 in
1214 1015 1581 1100 perniciem
1624 1014 1894 1102 imperii
1941 1015 2227 1080 ductura
2272 1022 2435 1082 erat.

453 1476 494 1554 ξ
540 1472 604 1539 5.
687 1471 774 1541 De
833 1469 1060 1539 finibus
1108 1470 1338 1555 imperii
1387 1469 1771 1540 Macedonici
1818 1471 1876 1539 in
1925 1471 2171 1556 Europa
2216 1470 2379 1555 quod
2427 1487 2590 1539 anno
2639 1471 2785 1540 323

740 1586 1068 1671 Antipatro
1116 1587 1517 1655 commissum
1563 1586 1708 1671 est;
1756 1586 1835 1656 de
1882 1586 2231 1672 Lysimachi
2277 1602 2501 1671 roano.

546 1803 714 1869 Cum
803 1802 1160 1890 imperium
1226 1802 1742 1868 Macedonicum
1820 1808 1974 1890 post
2064 1802 2439 1869 Alexandri
2497 1791 2786 1869 mortem

453 1911 809 1995 Babylone
856 1910 1154 1975 divisum
1194 1916 1312 1993 est,
1359 1910 1743 1997 Antipater,
1803 1910 1919 1995 qui
1956 1909 2103 1996 jam
2141 1932 2320 1975 anno
2343 1911 2474 1975 336
2506 1912 2783 1975 summis

453 2018 655 2084 rebus
723 2018 792 2081 in
860 2017 1155 2102 Europa,
1218 2022 1361 2081 tam
1417 2016 1833 2103 reliquorum
1891 2023 2333 2104 satraparum,
2384 2039 2588 2103 quam
2632 2039 2784 2105 pro-

455 2125 832 2190 vinciarum
893 2129 963 2189 et
1030 2124 1333 2210 gentium
1391 2126 1535 2209 regi
1604 2123 2048 2189 obnoxiarum
2130 2127 2551 2212 praepositus
2621 2130 2784 2208 erat,

455 2253 741 2317 regnum
784 2230 1295 2296 Macedonicum
1339 2231 1411 2294 in
1455 2230 1734 2317 Europa
1795 2231 2266 2295 administrare
2311 2232 2627 2318 perrexit,
2675 2231 2789 2297 vel

454 2340 680 2425 potius
749 2341 993 2404 iterum
1056 2337 1664 2403 administrandum
1737 2338 1995 2424 accepit
2055 2336 2163 2416 (cf.
2228 2360 2295 2425 p.
2343 2338 2431 2403 86
2495 2360 2648 2403 ann.
2701 2338 2791 2420 6).

454 2445 793 2533 Auspiciis
842 2446 985 2531 ejus
1044 2445 1451 2530 Lysimacho
1518 2445 1869 2533 provincia
1924 2443 2213 2510 Thracia
2280 2446 2444 2510 data
2489 2453 2608 2529 est,
2652 2446 2787 2531 qui,

458 2555 622 2619 dum
690 2575 895 2619 senex
954 2552 1319 2640 Antipater
1387 2553 1587 2618 rebus
1651 2550 1972 2643 praefuit,
2057 2552 2248 2617 nulla
2308 2553 2382 2618 in
2453 2576 2526 2619 re
2587 2553 2789 2640 hujus

456 2660 862 2750 principatui
933 2660 1330 2726 adversatus
1399 2665 1518 2744 est,
1592 2660 1775 2746 quod
1845 2660 1908 2725 ei
1966 2660 2241 2726 omnino
2286 2683 2425 2727 non
2468 2661 2790 2727 molestus

457 2766 590 2832 fuit
634 2766 747 2855 (cf.
796 2791 863 2855 p.
913 2769 1043 2850 96).

545 2876 729 2941 Ante
773 2875 1001 2940 omnia
1049 2874 1183 2940 alia
1230 2874 1533 2960 quaestio
1584 2874 1778 2939 nobis
1823 2876 2142 2962 ponenda
2188 2882 2306 2958 est,
2348 2880 2576 2940 utrum
2621 2875 2789 2943 fines

457 2984 721 3070 imperii
786 2982 1204 3048 Macedonici
1278 2984 1349 3047 in
1414 2982 1711 3070 Europa,
1783 2982 1949 3046 dum
2030 2980 2423 3047 Alexander
2487 2984 2558 3047 in
2626 2983 2793 3048 Asia

460 3089 700 3155 absens
761 3089 912 3173 fuit,
976 3091 1220 3155 mutati
1284 3091 1438 3173 sint,
1504 3112 1592 3154 an
1651 3111 1774 3177 per
1825 3095 2043 3155 totam
2090 3091 2305 3155 vitam
2352 3089 2496 3175 ejus
2544 3091 2790 3176 integri

456 3199 844 3262 manserint.
893 3197 1221 3262 Arrianus
1269 3199 1340 3261 in
1385 3196 1705 3284 Epitome
1752 3197 1835 3261 de
1879 3197 2080 3262 rebus
2125 3204 2280 3285 post
2322 3195 2792 3262 Alexandrum

457 3307 498 3384 ξ
547 3305 584 3368 7
630 3326 1039 3391 responsum⁴
1073 3305 1193 3369 dat
1234 3304 1363 3369 hoc
1412 3304 1612 3369 modo
1660 3303 2099 3370 describendo
2143 3305 2565 3393 provinciam
2612 3326 2791 3370 anno

457 3411 588 3475 323
672 3411 1038 3499 Antipatro
1120 3412 1386 3476 datam:
1473 3409 1559 3474 τοὶ
1630 3409 1686 3473 δ’
1716 3410 1994 3476 ἐπέκεινα
2061 3419 2170 3486 τῆς
2234 3412 2475 3496 Θρᾴκης
2545 3413 2622 3483 ὥς
2693 3412 2794 3475 ἐπὶ

460 3518 787 3598 Ἰλλυριοὺς
861 3523 970 3582 καὶ
1028 3518 1419 3598 Τριβαλλοὺς
1483 3518 1587 3582 καὶ
1645 3521 1989 3598 Ἀγριᾶνας
2050 3519 2155 3582 καὶ
2209 3519 2364 3592 αὐτὴ
2414 3519 2790 3593 Μακεδονία,

458 3624 565 3688 καὶ
642 3627 675 3699 ἦ
745 3625 1029 3705 ’Ήπειρος
1100 3626 1173 3697 ὡς
1243 3626 1346 3689 ἐπὶ
1422 3624 1504 3689 τὰ
1575 3624 1672 3706 ὅρη
1742 3626 1825 3689 τὰ
1899 3625 2194 3705 Κεραύνια
2241 3626 2540 3701 ἀνήκοντα
2587 3626 2690 3691 καὶ
2740 3627 2790 3691 οἱ

459 3731 765 3805 Ἕλληνες
827 3731 1206 3810 σύμπαντες,
1270 3755 1425 3798 cum
1474 3734 1711 3799 eodem
1754 3733 1901 3799 loco
1951 3734 2162 3799 addat
2207 3735 2596 3819 Lysimachi
2639 3756 2792 3821 pro-

458 3839 793 3904 vinciam:
857 3839 1100 3922 Θρᾴκης
1165 3838 1271 3902 καὶ
1349 3839 1733 3919 Χερροννήσου
1794 3839 1901 3903 καὶ
1971 3838 2084 3903 ὅσα
2154 3838 2352 3922 Θρᾳξὶ
2390 3840 2603 3920 σύνορα
2651 3839 2794 3916 ἔθνη

461 3949 602 4011 ἐστε
673 3947 772 4011 ἐπὶ
839 3945 1174 4011 θάλασσαν
1244 3951 1349 4023 τὴν
1420 3946 1520 4010 ἐπὶ
1581 3946 2029 4024 Σαλμυδησσὸν
2092 3954 2196 4013 τοῦ
2243 3945 2529 4024 Εὐξείνου
2576 3949 2793 4013 πόντου

458 4052 817 4129 καθήκοντα
861 4055 933 4141 1).
997 4056 1089 4119 Et
1135 4055 1370 4120 eodem
1416 4054 1561 4120 fere
1606 4054 1808 4120 modo
1853 4054 2201 4142 Dexippus
2246 4054 2594 4142 Antipatri
2641 4078 2794 4144 pro—

461 4161 756 4227 vinciam
844 4161 1182 4245 describit,
1269 4163 1323 4226 is
1395 4162 1574 4226 enim
1642 4163 1850 4226 etiam
1919 4168 2186 4249 partem
2252 4161 2446 4251 Epiri
2513 4164 2793 4251 imperio

516 4445 563 4514 1)
601 4447 667 4500 cf.
708 4446 865 4501 Diod.
907 4447 990 4502 18.
1030 4448 1079 4500 3.
1118 4447 1167 4499 2.
1205 4447 1368 4502 Paus.
1410 4448 1456 4501 1.
1496 4447 1544 4500 9.
1583 4447 1631 4501 5.
