3338 5350
1258 1377 1784 1454 CAPUT
1894 1377 1953 1454 Ι.

521 1771 621 1851 De
680 1770 1114 1852 macedonia
1167 1789 1399 1871 usque
1455 1771 1551 1851 ad
1616 1770 1913 1871 Philippi
1973 1769 2289 1851 Secundi
2347 1771 2681 1850 mortem.

637 2131 676 2209 {j
734 2126 782 2194 1.
877 2126 964 2195 Do
1009 2123 1235 2194 finibus
1281 2125 1454 2210 renni
1503 2124 1887 2194 Macedonici
1934 2124 2086 2194 ante
2134 2141 2357 2193 annum
2405 2122 2570 2192 359.

527 2323 575 2389 J
578 2345 689 2387 am
757 2323 1052 2409 antiquis
1113 2321 1531 2410 temporibus
1601 2321 1999 2386 Macedonia
2066 2327 2134 2386 et
2194 2321 2467 2386 nomine
2526 2325 2593 2385 et
2652 2319 2775 2384 im-

438 2430 629 2516 perio
692 2430 878 2514 regio
940 2429 1014 2493 in
1077 2428 1275 2492 unius
1342 2428 1538 2514 regni
1604 2426 1891 2494 formam
1959 2428 2237 2492 redacta
2300 2433 2479 2510 erat;
2539 2448 2779 2492 revera

440 2542 673 2600 tamen
734 2535 937 2621 longe
1000 2535 1233 2609 aberat
1293 2543 1373 2600 ut
1430 2534 1761 2621 regioneS,
1824 2535 2069 2621 quibus
2114 2535 2188 2600 id
2231 2556 2520 2620 regnum
2564 2534 2776 2599 conti-

441 2648 717 2709 neretur
775 2643 874 2709 ita
940 2642 1364 2727 coaluissent,
1438 2650 1514 2708 ut
1581 2663 1785 2709 verae
1829 2642 1988 2708 huic
2052 2664 2263 2729 regno
2328 2642 2509 2710 vires
2557 2647 2781 2707 essent

443 2750 795 2835 ejusmodi,
856 2750 1088 2836 quales
1133 2756 1370 2837 postea
1415 2750 1695 2815 fuerunt
1740 2750 1864 2815 sub
1912 2750 2232 2838 Philippo
2278 2755 2346 2815 et
2388 2749 2778 2815 Alexandro

440 2857 733 2943 regibus·
773 2857 987 2923 Juxta
1025 2878 1256 2943 regem
1296 2857 1476 2922 enim
1518 2857 1895 2944 complures
1933 2856 2153 2942 reguli
2176 2862 2388 2940 erant,
2415 2858 2780 2944 praecipue

440 2965 515 3029 in
580 2955 968 3049 regionibus
1016 2964 1492 3051 superioribuS,
1542 2985 1745 3051 saepe
1789 2964 1922 3051 ipsi
1966 2964 2157 3049 regia
2204 2964 2416 3051 stirpe
2460 2963 2611 3047 orti,
2661 2963 2781 3050 qui

441 3077 670 3157 partes
737 3070 933 3156 regni
995 3070 1148 3155 jure
1217 3070 1630 3136 hereditario
1678 3070 2140 3158 possiderent3
2188 3075 2551 3155 regnantes
2597 3069 2777 3155 regis

445 3177 760 3265 auspiciis
827 3177 1124 3264 quidem,
1196 3178 1313 3243 sed
1380 3185 1613 3243 tamen
1658 3178 1793 3265 ipsi
1839 3198 2109 3264 quoque
2153 3177 2450 3266 praediti
2494 3177 2779 3264 imperio

442 3283 741 3368 militari,
813 3290 878 3348 et
931 3283 1086 3369 jure
1138 3285 1471 3350 exercitus
1518 3285 1807 3370 cogendi
1854 3290 1921 3349 et
1969 3284 2237 3367 alendi;
2284 3290 2429 3349 tam
2471 3290 2783 3371 potentes

447 3397 521 3455 ut
559 3391 908 3457 occasione
947 3391 1110 3456 data
1146 3391 1342 3457 bellis
1380 3392 1720 3457 intestinis
1755 3413 2045 3477 regnum
2084 3412 2351 3475 vexare,
2377 3390 2491 3457 vel
2510 3411 2783 3478 prorsus

443 3498 518 3563 in
563 3506 831 3585 tempus
880 3497 1148 3563 abolere
1193 3505 1469 3586 possent
1496 3501 1567 3583 1).

539 3602 886 3683 Quaenam
956 3604 1116 3670 fflae
1174 3607 1484 3691 regiones
1543 3605 1820 3689 fuerint,
1892 3604 2310 3693 temporibus
2379 3603 2545 3669 belli
2586 3603 2782 3670 Pelo-

445 3712 838 3800 ponnesiaci
908 3713 995 3778 ad
1063 3713 1535 3779 Macedoniam
1579 3713 2020 3801 pertinentes,
2069 3711 2500 3798 Thucydides
2564 3712 2625 3776 2.
2675 3712 2782 3777 99.

446 3819 642 3884 nobis
731 3819 1017 3885 tradidit
1097 3821 1172 3885 in
1258 3827 1573 3886 accurata
1642 3809 2096 3908 descriptione
2120 3831 2130 3841 '
2158 3819 2356 3904 regni
2421 3817 2787 3883 Perdiccae

449 3928 746 4011 secundi,
818 3926 1018 4012 quale
1084 3926 1219 3993 fuit
1287 3949 1467 3994 anno
1534 3927 1703 4011 4293
1772 3928 1829 3992 is
1886 3927 1985 3992 ibi
2044 3926 2377 4014 imprimis
2426 3923 2787 4010 distinguit

443 4033 624 4100 inter
668 4032 1141 4100 Macedoniam
1183 4033 1587 4100 Inferiorem
1634 4033 1781 4099 sive
1826 4032 2263 4116 Maritimam,
2337 4039 2405 4097 et
2474 4031 2784 4117 regiones

451 4138 830 4228 Superioris
875 4140 1334 4206 Macedoniae.

538 4246 821 4313 Initium
892 4269 1047 4313 cum
1115 4247 1238 4313 fiat
1307 4270 1353 4313 a·
1414 4246 1721 4332 Meridie,
1782 4247 2082 4336 primum
2126 4247 2353 4312 Pieria
2396 4246 2788 4311 nominatur

504 4462 554 4527 1)
593 4463 763 4517 Thuc.
802 4463 851 4516 1.
890 4462 975 4516 57.
1013 4462 1076 4527 33
1115 4462 1214 4532 59;
1252 4462 1419 4531 2.99;
1460 4463 1590 4528 1003
1629 4463 1681 4516 4.
1705 4463 1787 4515 79.
1826 4463 1887 4529 2;
1925 4462 2025 4527 83;
2067 4462 2197 4529 124;
2237 4462 2430 4532 DroyS.
2472 4461 2520 4514 1.
2560 4461 2609 4513 1.
2650 4459 2736 4512 72.

2415 4595 2419 4600 .
2540 4550 2571 4602 1
