3338 5350
1540 514 1671 585 109

479 710 830 780 Postremo
897 713 1044 780 loco
1116 714 1296 800 quod
1365 716 1438 779 in
1501 714 1631 782 hac
1701 716 2135 804 inscriptione
2195 716 2479 783 diversis
2537 717 2729 784 sociis

390 822 642 886 diversi
709 823 971 887 numeri
1043 818 1513 907 suffragiorum
1585 822 2049 888 attribuuntur
2134 825 2219 889 ab
2288 826 2471 890 omni
2534 831 2731 912 parte

388 934 732 1015 repugnat
777 935 1013 994 contra
1057 927 1566 994 memorabilem
1612 929 1803 995 illam
1847 933 2313 997 evocationem
2356 930 2728 997 Athenien-

390 1037 570 1101 sium
614 1037 702 1101 ad
746 1034 1130 1101 libertatem
1150 1034 1223 1119 1),
1270 1041 1506 1101 contra
1555 1037 2038 1103 democratiam
2084 1045 2161 1104 ut
2195 1040 2356 1104 inde
2379 1039 2464 1104 ab
2488 1038 2731 1104 Antal·

388 1143 587 1207 cidae
628 1164 797 1229 pace
842 1144 913 1208 in
958 1141 1244 1209 Graecia
1288 1143 1858 1230 comprobabatur
1877 1143 1957 1231 2).
2004 1145 2304 1212 Foedere
2343 1147 2523 1211 enim
2549 1147 2731 1231 quod

394 1249 841 1316 Athenienses
890 1272 1069 1316 anno
1116 1249 1248 1315 378
1292 1251 1589 1316 inierunt
1625 1271 1782 1316 cum
1828 1251 2153 1317 insulanis
2193 1252 2473 1338 aliisque
2535 1254 2730 1320 sociis

391 1363 630 1423 contra
693 1357 1012 1445 Spartam
1051 1357 1121 1441 3),
1184 1356 1331 1443 jam
1398 1359 1843 1424 constitutum
1902 1365 2049 1424 erat
2109 1367 2187 1424 ut
2253 1359 2502 1446 singuli
2571 1363 2731 1427 socii

393 1462 663 1548 singula
707 1464 1033 1551 suffragia
1075 1463 1331 1531 ferrent
1353 1465 1424 1548 4),
1471 1487 1680 1552 quam
1726 1465 1812 1532 ob
1859 1488 2004 1531 rem
2041 1468 2365 1554 suspicari
2408 1489 2549 1532 non
2571 1468 2733 1533 licet

389 1572 841 1637 Athenienses
914 1571 1248 1658 flagrante
1309 1571 1510 1655 bello,
1578 1594 1735 1638 cum
1799 1573 1927 1660 ipsi
1995 1572 2135 1638 alta
2200 1594 2367 1639 voce
2433 1573 2729 1660 reliquos

391 1679 687 1744 Graecos
758 1679 846 1744 ad
905 1678 1294 1744 libertatem
1339 1685 1720 1763 evocarent,
1783 1679 2207 1746 condiciones
2245 1678 2485 1746 fecisse
2530 1702 2728 1769 repu-

390 1792 682 1872 gnantes
750 1786 1043 1852 moribus
1110 1784 1406 1869 Graecis,
1456 1808 1630 1872 quae
1676 1788 2048 1852 necessario
2087 1788 2296 1853 socios
2349 1787 2729 1855 offensurae

393 1898 638 1959 essent.
729 1893 854 1958 His
925 1893 1340 1979 argumentis
1408 1895 1610 1976 nisus,
1683 1894 1982 1982 suspicor
2024 1895 2531 1982 inscriptionem
2575 1917 2729 1961 nos-

389 2006 571 2065 tram
609 1999 797 2066 nullo
842 2001 1045 2066 modo
1088 2001 1429 2088 pertinere
1473 2022 1672 2088 posse
1721 2000 1805 2065 ad
1860 1999 2186 2088 suffragia
2224 2025 2265 2067 a
2309 2004 2499 2068 sociis
2546 2003 2726 2069 bello

389 2107 673 2174 Lamico
718 2107 1022 2191 ferenda,
1069 2108 1294 2195 potius
1363 2108 1781 2191 crediderim,
1842 2109 2107 2174 ratione
2150 2107 2387 2175 habita
2432 2110 2521 2175 de
2562 2111 2727 2176 locis

391 2221 464 2280 et
530 2216 827 2281 numeris
889 2235 1040 2279 eam
1082 2221 1387 2302 spectare
1457 2214 1541 2279 ad
1561 2237 1570 2247 ·
1589 2212 1850 2300 legatos
1918 2216 1990 2279 in
2050 2215 2352 2301 singulas
2420 2218 2728 2282 civitates

390 2322 778 2405 mittendOS,
829 2323 944 2407 qui
989 2343 1102 2387 eas
1150 2321 1240 2386 ad
1285 2320 1541 2386 bellum
1586 2322 1951 2387 incitarent
1974 2321 2045 2403 ⁵).

481 2429 860 2495 Discrimen
907 2429 1082 2494 inter
1125 2429 1303 2494 hanc
1347 2431 1735 2494 societatem
1783 2435 1850 2493 et
1886 2429 2298 2516 superiorem
2338 2429 2483 2495 sine
2521 2430 2727 2496 dubio

392 2561 480 2603 ex
545 2537 673 2603 hac
736 2560 810 2603 re
878 2537 1207 2623 originem
1276 2536 1479 2624 cepit,
1526 2536 1707 2622 quod
1752 2535 2204 2602 Athenienses
2249 2538 2466 2603 coacti
2511 2544 2725 2620 erant,

389 2645 623 2712 omnia
668 2665 839 2731 quae
888 2644 975 2710 ad
1021 2643 1412 2710 societatem
1449 2643 1870 2732 pertinerent
1913 2644 2166 2733 raptim
2212 2650 2280 2709 et
2324 2644 2730 2712 festinanter

389 2753 820 2820 constituere.
933 2750 1160 2838 Vulgo
1234 2757 1461 2816 autem
1531 2757 1898 2839 antequam
1957 2751 2212 2818 bellum
2281 2753 2732 2841 susciperetur
2794 2819 2803 2828 ,

389 2861 621 2927 omnia
691 2860 778 2925 ad
845 2860 1024 2924 hanc
1089 2881 1234 2924 rem
1300 2853 1715 2947 pertinentia
1782 2860 2153 2926 constituta
2221 2866 2433 2944 erant,
2480 2862 2727 2949 princi·

387 2974 615 3057 patuS,
660 2967 819 3032 urbs
862 2966 1278 3055 principalis,
1327 2966 1721 3052 synedrium
1759 2964 1901 3032 illic
1923 2967 2114 3033 sedes
2137 2967 2414 3051 habens»,
2461 2974 2728 3055 tempus

386 3096 516 3164 per
562 3075 742 3161 quod
813 3073 1053 3139 foedus
1123 3078 1334 3138 staret
1353 3071 1428 3160 ⁶),
1490 3071 1817 3159 suffragia
1862 3071 2164 3156 ferenda,
2213 3074 2454 3139 modus
2501 3074 2728 3139 alendi

390 3183 742 3269 exercitus,
762 3181 1311 3262 contributiones,
1338 3178 1608 3263 auxilia,
1634 3180 2058 3245 condiciones
2088 3180 2174 3244 de
2199 3200 2367 3267 pace
2390 3178 2727 3264 facienda,

390 3291 479 3355 de
524 3311 747 3378 poena
806 3289 1134 3356 solvenda
1202 3287 1257 3353 si
1303 3287 1455 3373 quis
1519 3288 1850 3354 sociorum
1895 3286 2136 3353 foedus
2180 3294 2546 3374 rumperet,
2592 3308 2728 3352 uno

387 3397 599 3463 verbo
645 3397 957 3463 omnibus
995 3397 1197 3462 rebus
1240 3401 1676 3483 prospectum
1722 3400 1868 3460 erat
1891 3399 1958 3475 7).
2006 3392 2098 3458 Et
2143 3416 2325 3460 nunc
2369 3394 2541 3459 nihil
2588 3394 2728 3460 tale
2831 3485 2836 3492 ο

440 3670 490 3737 1)
525 3670 683 3725 Diod.
727 3669 811 3725 18.
851 3671 934 3725 10.

440 3759 492 3823 2)
531 3760 789 3815 Schaefer
826 3758 982 3813 Dem.
1024 3759 1072 3813 1.
1111 3758 1181 3812 29
1219 3774 1336 3826 sqq.

442 3847 491 3914 3)
529 3849 586 3904 C.
625 3851 665 3904 I.
703 3850 762 3904 A.
806 3849 873 3903 II.
915 3849 997 3901 17.
1037 3848 1281 3902 Dittenb.
1319 3846 1406 3901 80.

441 3938 489 4005 4)
525 3939 669 3994 Plut.
708 3940 776 3993 do
815 3938 1004 3993 Gloria
1037 3938 1163 3991 Ath.
1201 3936 1251 3990 8.
1290 3936 1397 3990 350
1433 3936 1494 3989 A.
1534 3933 1777 3999 ἰσόψηφον
1812 3933 1984 3993 αὐτοῖς
2022 3935 2114 3993 τὴν
2150 3933 2378 3986 Ἐλλάδα
2411 3933 2728 3993 κατέστησαν

384 4027 559 4085 πάσας
611 4026 898 4091 δ’ὖπάρχειν
952 4024 1249 4088 αῧτονόμους
1301 4024 1512 4089 ἥγέμοσι
1567 4023 1842 4089 χρωμένους
1895 4026 2189 4083 Ἀθηναίοις.
2227 4025 2386 4079 Diod.
2428 4026 2510 4079 15.
2550 4024 2634 4078 28.
2674 4026 2724 4079 4.

384 4120 532 4167 πόλιν
584 4114 708 4167 δ’ἔπ’
758 4116 872 4175 ’ἴσης
924 4115 1011 4166 καὶ
1064 4113 1289 4180 μεγάλην
1324 4114 1411 4165 καὶ
1446 4117 1619 4178 μικρὰν
1653 4120 1774 4178 μιᾶς
1809 4113 1977 4179 ψήφου
2011 4115 2176 4177 κυρίαν
2210 4111 2329 4165 εἶναι
2354 4113 2565 4178 ἡγεμόσι
2599 4132 2730 4178 χρω-

384 4206 540 4270 μένας
575 4208 865 4265 Ἀθηναίοις.
908 4208 1152 4277 Xenoph.
1190 4207 1332 4261 Holl.
1372 4206 1419 4259 ’7.
1471 4207 1518 4260 1.
1561 4206 1608 4259 1.

439 4296 490 4358 5)
527 4297 592 4350 cf.
631 4297 776 4351 Plut.
818 4296 1055 4351 Pericles
1093 4297 1175 4349 17.

438 4384 486 4453 6)
524 4386 585 4439 C.
621 4386 661 4440 Ῑ.
703 4386 762 4439 A.
802 4386 891 4440 IV.
929 4386 978 4439 2.
1017 4403 1068 4454 p.
1107 4385 1177 4439 20
1212 4402 1265 4438 n.
1303 4384 1419 4438 59b.
1459 4385 1698 4439 Dittenb.
1738 4384 1855 4438 108.
1896 4401 1972 4438 vs.
2017 4384 2083 4436 12
2142 4383 2354 4437 Gilbert
2388 4383 2436 4435 2.
2481 4382 2601 4437 390.

440 4474 490 4541 7)
527 4476 591 4528 cf.
628 4476 823 4531 foedus
861 4476 988 4530 anni
1024 4475 1128 4529 386
1166 4475 1430 4529 Chiorum
1469 4478 1525 4528 et
1561 4474 1975 4529 Atheniensium
2013 4473 2132 4528 o.1.
2151 4473 2212 4527 A.
2252 4472 2320 4529 ΙΙ.
2362 4471 2444 4525 15.
2483 4472 2722 4531 Dittenb.
