3338 5350
1631 487 1759 552 106

525 691 751 751 autem
820 707 975 750 cum
1041 684 1384 750 Pausania
1405 684 1475 770 1).
1550 685 1792 770 Neque
1871 684 2087 769 magis
2157 704 2281 769 ego
2350 704 2497 747 rem
2543 682 2863 746 dirimere

524 793 761 876 ausim,
830 799 1058 858 tamen
1123 793 1254 858 11οο
1304 798 1800 878 argumentum
1867 791 2170 878 opinioni
2232 790 2314 855 vi.
2381 790 2464 855 di.
2537 787 2863 855 Schaefer

523 899 736 983 favet,
806 900 987 986 quod
1054 898 1245 964 nulla
1312 922 1515 965 causa
1581 898 1717 964 fuit
1784 920 1904 964 cur
1947 899 2413 988 MegalopoHS,
2478 921 2657 985 quae
2697 897 2860 962 urbs

524 1008 757 1094 quieta
802 1008 1053 1072 mansit
1073 1005 1492 1095 temporibus
1516 1006 2134 1094 PolysperchontiS,
2161 1029 2345 1073 nunc
2366 1028 2509 1073 sese
2534 1010 2858 1088 moveret,

527 1137 567 1179 a
612 1113 1013 1180 Macedonia
1059 1113 1395 1179 deficeret.

611 1220 1138 1287 Lacedaemonii
1204 1227 1460 1304 contra,
1528 1220 1809 1304 Achaei,
1881 1221 2217 1287 Corinthii
2287 1228 2353 1287 et
2429 1221 2861 1307 Megarenses

525 1350 667 1394 sese
713 1327 972 1394 foederi
1018 1350 1156 1394 non
1202 1328 1591 1414 adjunxere,
1637 1327 1774 1394 huc
1819 1329 1993 1394 adde
2054 1327 2536 1416 Megalopolin,
2600 1334 2669 1392 et
2712 1332 2864 1392 tuto

522 1435 864 1524 perhiberi
929 1441 1156 1523 potest
1241 1436 1541 1501 studium
1631 1435 1966 1500 libertatis
2048 1436 2122 1500 in
2189 1435 2656 1521 Peloponneso
2722 1455 2863 1499 non

524 1549 792 1608 tantum
838 1541 1067 1627 fuisse,
1115 1549 1448 1630 quantum
1493 1542 1838 1631 expectari
1884 1543 2126 1632 potuit.

614 1649 752 1716 Sed
799 1650 961 1715 dum
1007 1656 1305 1717 oratores
1350 1649 1567 1715 Attici
1612 1672 1884 1715 omnem
1930 1672 2207 1739 operam
2243 1649 2499 1716 dabant
2545 1655 2624 1715 ut
2666 1647 2864 1713 Pelo-

523 1779 904 1845 ponnesum
970 1758 1279 1823 societati
1346 1781 1507 1824 suae
1569 1757 2040 1845 adjungerent,
2089 1758 2253 1823 dum
2296 1779 2538 1823 revera
2582 1758 2866 1822 societas

525 1864 879 1931 Hellenica
925 1866 1268 1934 crescebat
1313 1867 1386 1930 in
1430 1865 1923 1953 Peloponneso,
1972 1866 2046 1930 in
2089 1866 2254 1953 ipsis
2278 1864 2441 1931 locis
2467 1865 2586 1930 ubi
2607 1862 2866 1928 bellum

523 1971 905 2058 gerebatur,
975 1971 1215 2038 foedus
1279 1973 1427 2059 jam
1493 1973 1567 2038 in
1637 1994 1716 2038 eo
1786 1979 1930 2037 erat
1996 1979 2072 2037 ut
2143 1972 2575 2054 dilaberetur,
2623 1970 2868 2036 saltem

526 2078 1014 2145 debilitaretur.
1104 2079 1333 2145 Aetoli
1381 2080 1560 2146 enim
1609 2080 1923 2168 auspiciis
1969 2079 2370 2145 Leosthenis
2417 2078 2504 2143 ad
2550 2077 2868 2143 Lamiam

526 2191 800 2271 stantes,
869 2187 1166 2253 universi
1258 2194 1583 2254 autumno
1674 2194 1979 2276 tempore
2071 2187 2347 2252 domum
2415 2190 2867 2265 reverterunt,

528 2314 1021 2380 quamcumque
1090 2294 1175 2360 ob
1245 2316 1520 2360 causam
1565 2295 1641 2379 2),
1738 2301 1981 2381 quarta
2025 2315 2184 2382 pars
2230 2294 2561 2359 exercitus
2606 2292 2736 2356 hac
2791 2313 2870 2356 re

526 2399 862 2465 obsidioni
924 2400 1230 2466 detracta
1297 2408 1415 2465 est.
1509 2401 1719 2467 Aliud
1785 2406 1852 2466 et
1912 2423 2074 2466 sane
2119 2401 2494 2466 maximum
2539 2400 2872 2464 damnum

526 2504 662 2571 fuit
727 2529 905 2573 mors
945 2507 1367 2594 Leosthenis,
1417 2531 1593 2595 quae
1641 2509 1836 2574 sociis
1886 2514 2244 2596 tantopere
2291 2506 2533 2591 obfuit,
2583 2514 2661 2571 ut
2706 2505 2873 2570 inde

529 2612 612 2679 ab
675 2614 803 2682 hoc
870 2621 1174 2703 tempore
1233 2615 1512 2682 fortuna
1573 2614 1943 2704 Antipatro
1991 2615 2244 2682 favisse
2288 2636 2427 2681 non
2466 2613 2687 2680 solum
2733 2613 2875 2678 dici

524 2722 756 2807 possit,
828 2723 946 2788 sed
1009 2724 1215 2789 etiam
1286 2726 1570 2791 societas
1617 2724 1974 2791 Hellenica
2021 2723 2235 2789 dilabi
2280 2720 2593 2810 coeperit.
2688 2722 2875 2787 Nam

527 2827 651 2893 sub
699 2851 1073 2896 successore
1119 2830 1517 2897 Leosthenis
1564 2830 1943 2919 Antiphilo,
2016 2832 2161 2897 sive
2220 2831 2404 2917 quod
2448 2829 2560 2895 hic
2603 2831 2874 2894 muneri

527 2956 647 3001 suo
716 2936 938 3024 impar
1006 2944 1170 3022 erat,
1241 2939 1386 3004 sive
1455 2939 1618 3026 quia
1678 2961 1783 3004 res
1830 2938 2332 3004 foederatorum
2381 2939 2628 3003 sensim
2674 2935 2873 3025 paul-

526 3041 855 3130 latimque
902 3044 1452 3130 debilitabantur,
1494 3044 1772 3112 fortuna
1809 3047 2104 3111 secunda
2149 3068 2222 3110 se
2267 3068 2307 3110 a
2354 3045 2627 3111 Graecis
2679 3065 2873 3110 aver-

526 3151 631 3216 tit.
723 3150 882 3217 Non
929 3151 1145 3218 solum
1192 3154 1373 3218 enim
1419 3152 1645 3219 Aetoli
1696 3153 1973 3218 domum
2014 3152 2263 3236 abiere,
2310 3172 2531 3238 neque
2578 3157 2875 3215 reverte-

527 3264 707 3342 runt,
779 3258 891 3323 alii
961 3260 1118 3325 socii
1193 3282 1462 3347 quoque
1533 3261 1759 3325 hieme
1826 3266 2047 3325 castra
2113 3260 2539 3346 reliquerunt
2575 3256 2647 3342 3),
2717 3280 2876 3322 cum

528 3371 763 3431 contra
853 3368 1029 3432 vires
1113 3367 1561 3433 Macedonum
1659 3373 2055 3451 crescerent,
2146 3368 2444 3454 primum
2532 3365 2878 3431 Leonnati

529 3473 847 3557 adventu,
922 3475 1040 3560 qui
1108 3480 1340 3540 tamen
1409 3497 1569 3541 mox
1636 3477 1779 3541 acie
1842 3497 2074 3540 caesus
2123 3480 2245 3558 est,
2295 3473 2541 3540 deinde
2589 3471 2874 3555 Crateri,

528 3580 647 3665 qui
693 3601 849 3646 cum
894 3603 1146 3667 magna
1191 3582 1263 3646 vi
1311 3581 1605 3647 militum
1675 3604 1817 3647 sese
1880 3580 2234 3667 conjunxit
2280 3602 2436 3646 cum
2481 3578 2870 3668 AntipatrO.

578 3904 626 3968 1)
665 3906 731 3958 of.
770 3906 914 3959 Plut.
955 3906 1057 3960 Vit.
1099 3905 1153 3957 X
1191 3904 1343 3959 Orat.
1385 3923 1435 3975 p.
1476 3905 1580 3958 846
1618 3907 1856 3955 συνειπεῖν
1899 3902 2088 3954 ’ἔπεισεν
2129 3902 2443 3966 Δημοσθένης
2490 3906 2606 3960 τοὺς
2625 3903 2876 3966 Ἀρκάδας

527 3997 722 4048 contra
775 3993 939 4048 Paus,
1003 3993 1052 4047 8.
1110 3994 1159 4048 6.
1221 3994 1254 4046 2
1312 3997 1367 4048 et
1420 3994 1470 4049 8.
1529 3995 1612 4047 27.
1672 3995 1756 4048 10.
1814 3995 2010 4064 Droys.
2069 3995 2117 4047 2.
2159 3996 2205 4048 1.
2245 3994 2315 4047 55
2351 4011 2476 4047 ann.
2516 3994 2564 4047 2.
2606 3993 2873 4048 Schaefer

529 4083 813 4137 Demosth.
853 4082 902 4135 3.
942 4083 1063 4136 369.

580 4171 628 4235 2)
669 4171 827 4226 Diod.
869 4171 952 4225 18.
993 4172 1076 4226 13.
1115 4174 1164 4226 4.
1207 4171 1423 4222 Αἰτωλοὶ
1443 4208 1456 4222 .
1480 4209 1490 4221 .
1518 4170 1631 4222 ,διά
1668 4190 1809 4230 τινας
1841 4170 2033 4230 ἐθνικὰς
2070 4173 2242 4237 χρείαις
2277 4174 2413 4223 κατὰ
2446 4173 2506 4221 τὸ
2539 4173 2687 4234 παρὸν
2717 4171 2884 4222 ἀπελ-

526 4263 629 4311 θεῖν
666 4258 744 4309 ἐπ’
781 4259 929 4310 σ’ίκου.
969 4261 1035 4315 cf.
1075 4261 1271 4332 Droys.
1311 4263 1360 4315 2.
1402 4263 1449 4316 1.
1490 4261 1575 4316 58.
1616 4262 1878 4317 Schaefer
1915 4263 2070 4317 Dem.
2111 4262 2160 4316 3.
2198 4262 2303 4316 373
2339 4279 2465 4316 ann.
2505 4262 2577 4340 1.Ι

581 4349 630 4416 3)
667 4350 825 4404 Diod.
881 4349 963 4403 18.
1019 4350 1100 4403 15.
1167 4351 1228 4416 23
1278 4349 1361 4404 18.
1407 4351 1488 4404 17.
1531 4351 1578 4404 l.
1616 4351 1766 4406 Suid.
1808 4370 1856 4406 v.
1898 4351 2224 4414 Ἀντίπατρος
2264 4352 2321 4405 l:
2361 4349 2789 4414 ἀναχωρησάντων
2829 4349 2887 4401 δὲ

529 4445 625 4492 τῶν
673 4439 904 4490 Αἰτωλῶν
941 4436 1052 4490 εἶτα
1090 4443 1186 4489 τῶν
1226 4436 1391 4489 ἄλλων
1427 4436 1601 4496 ἕσωθη,
