3338 5350
396 2619 450 3044 οὸοωοοοοαωαω
418 1997 454 2509 ωοωοωοωοεωωο

489 2890 515 3030 μιν-ι

413 3243 446 3310 em

488 3244 513 3295 μ

520 3244 554 3296 ῐΌ

408 4298 442 4366 cm
406 3939 442 4186 wemcm

518 2621 570 3030 *pwms

513 3940 565 4171 ww?

515 4298 566 4349 ‘F‘

1192 1208 2006 1310 INDEX.

1444 1484 1760 1498 mm

1283 1664 1906 1757 CAPUTi

623 1863 717 1925 De
760 1862 1151 1925 Macedonia
1192 1877 1403 1941 usque
1444 1859 1531 1921 ad
1574 1859 1876 1936 Philippi
1918 1860 2206 1923 Secundi
2248 1864 2551 1923 mortem.

651 2001 730 2054 De
765 1999 967 2054 finibus
1003 1999 1159 2070 regni
1194 1997 1536 2053 Macedonici
1571 2000 1702 2051 ante
1741 2013 1949 2053 annum
1987 1996 2092 2051 359
2130 2036 2585 2051 ......

651 2088 940 2158 Philippus
978 2092 1034 2143 et
1070 2089 1258 2158 Illyria
1333 2123 2588 2141 ...............

529 2000 557 2052 1

528 2089 578 2142 2.

524 2178 575 2230 3.
648 2177 972 2232 Macedonia
1008 2181 1063 2232 et
1100 2178 1301 2246 Epirus
1333 2213 2145 2231 ..........

523 2267 575 2407 ἓ.
648 2354 728 2408 De
764 2354 966 2408 Insulis
1065 2391 2588 2408 ..................

523 2442 573 2496 6.
648 2442 728 2497 De
765 2442 1007 2497 Coloniis
1043 2443 1268 2498 Graecis
1304 2443 1362 2499 in
1379 2444 1704 2498 Macedonia
1724 2444 1867 2497 sitis:
1909 2442 2219 2497 Chalcidice
2239 2461 2252 2509 ;
2272 2442 2341 2496 de
2360 2442 2590 2496 urbibus

649 2267 755 2320 Res
793 2265 1123 2334 Thessaliae,
1160 2266 1306 2321 bella
1340 2283 1374 2320 a
1409 2266 1664 2336 Philippo
1701 2265 1758 2320 in
1796 2265 2078 2319 Thessalia
2115 2268 2273 2334 gesta
2309 2303 2320 2315 .
2399 2302 2409 2313 .
2487 2306 2499 2318 .
2576 2303 2588 2315 .

736 2532 791 2584 in
830 2532 942 2587 oris
978 2533 1269 2587 maritimis
1307 2532 1573 2587 Thraciae
1593 2568 2587 2587 ............

645 2618 724 2675 De
759 2621 917 2675 bellis
955 2639 988 2675 a
1025 2616 1278 2694 Philippo
1317 2622 1372 2678 in
1411 2622 1645 2677 Thtacia
1682 2622 1851 2693 gestis
1866 2659 2586 2675 .........

644 2712 723 2765 De
759 2711 1017 2777 Paeonia,
1055 2712 1341 2780 DardaniS,
1381 2712 1648 2780 Triballis,
1691 2712 1913 2783 Scythis
1950 2747 2582 2765 ........

644 2800 955 2865 Ambracia,
992 2802 1303 2855 Acarnania
1324 2839 2581 2855 ...............

643 2890 751 2943 Res
786 2889 1067 2955 Graeciae,
1105 2871 1174 2944 de
1213 2889 1482 2961 Synedrio
1521 2890 1876 2945 Corinthiaco
1953 2929 2589 2943 ........

644 2977 723 3031 De
759 2978 927 3032 rebus
963 2978 1201 3049 politicis
1239 2983 1297 3033 et
1331 2979 1400 3034 de
1437 2982 1589 3033 statu
1628 2979 2013 3047 Macedoniae3
2058 2979 2267 3045 rustici,
2301 2978 2588 3048 vectigalia

736 3066 1010 3121 nobilitas.
1067 3069 1147 3121 De
1199 3068 1415 3123 ratione
1473 3084 1615 3135 quae
1673 3067 2053 3121 intercedebat
2109 3067 2252 3121 inter
2308 3084 2497 3136 regem
2535 3070 2592 3119 et

737 3155 1051 3225 subjectos,
1086 3156 1156 3211 de
1192 3156 1423 3210 urbibus
1504 3194 2588 3210 .............

557 3285 569 3297 .
645 3243 722 3298 De
759 3244 991 3315 imperio
1029 3245 1387 3300 Macedonico
1427 3262 1464 3299 a
1499 3245 1754 3316 Philippo
1796 3246 1853 3300 in
1892 3246 2120 3315 Europa
2155 3248 2322 3299 aucto
2397 3284 2409 3296 .
2487 3286 2497 3297 .
2577 3282 2588 3294 .

1258 3523 1739 3592 CAPUT
1830 3526 1900 3590 II

598 3695 697 3757 Be
732 3693 1029 3771 Imperio
1071 3693 1159 3755 ab
1201 3691 1584 3757 Alexandro
1627 3694 1992 3758 constituto
2035 3698 2101 3758 et
2141 3695 2222 3759 de
2264 3696 2590 3759 Perdicca

911 3801 1365 3880 gubernatore
1405 3800 1675 3878 inperii
1716 3801 1803 3863 ad
1845 3819 2101 3864 annum
2142 3804 2286 3868 821.

640 3941 719 3994 De
759 3939 997 4008 Imperio
1036 3939 1104 3993 ab
1142 3938 1458 3992 Alexandro
1496 3939 1552 3991 in
1591 3940 1819 4009 Europa
1853 3939 2180 3993 confirmato
2220 3980 2587 3995 .....

641 4030 719 4083 De
756 4029 994 4098 Imperio
1032 4029 1088 4083 in
1127 4029 1256 4082 Asia
1292 4031 1348 4082 et
1388 4028 1457 4083 de
1492 4028 1712 4097 juribus
1748 4030 1894 4100 regis
1950 4067 2584 4083 ........

641 4120 717 4171 De
773 4118 1203 4188 Magistratibus.
1262 4118 1339 4171 De
1398 4117 1662 4187 Satrapis.
1707 4118 1786 4172 De
1827 4117 2055 4172 coloniis
2092 4118 2317 4173 Graecis
2353 4119 2406 4172 in
2443 4120 2586 4173 Asia.

730 4209 808 4262 De
846 4208 1082 4277 praediis
1120 4212 1173 4261 et
1219 4207 1659 4276 possessionibus
1699 4209 1859 4277 regis.
1900 4209 1978 4260 De
2016 4207 2320 4263 thesauris,
2397 4251 2410 4262 .
2486 4248 2496 4259 .
2575 4250 2586 4262 .

639 4298 719 4351 De
740 4296 906 4350 rebus
926 4313 1072 4350 anno
1093 4296 1198 4349 323
1220 4297 1501 4367 Babylone
1523 4297 1857 4351 constitutis.
1878 4298 1956 4351 De
1977 4297 2216 4366 Imperio
2232 4298 2588 4353 Macedonico

733 4386 836 4439 sub
872 4386 1152 4441 Perdicca.
1191 4386 1350 4441 India
1383 4389 1438 4439 et
1473 4386 1774 4455 Aegyptus.
1817 4386 2031 4440 Bellum
2051 4389 2247 4456 contra
2264 4388 2589 4441 Perdiccam

732 4479 953 4546 gestum
973 4514 2586 4531 ...................

2700 2532 2767 2584 17

2698 2621 2768 2674 25

2696 2712 2764 2765 31

2697 2801 2767 2853 35

2697 2889 2767 2941 36

2698 3156 2768 3208 46

2698 3244 2766 3297 57

2697 3940 2767 3994 59

2695 4030 2767 4082 62

2697 4210 2767 4262 65

2694 4478 2765 4531 82
