3338 5350
1746 478 1830 542 16

625 678 1018 738 autonomcs
1063 673 1526 760 perdiderunt,
1575 674 1757 760 quod
1803 695 1940 739 non
1989 680 2148 738 ante
2194 696 2446 739 annum
2471 673 2600 738 302
2623 673 2954 762 recipera-

625 786 870 843 verunt
897 777 967 861 1).
1029 779 1429 845 Rectissime
1472 801 1623 845 meo
1669 780 1945 866 quidem
1982 778 2242 865 judicio
2286 802 2351 846 v.
2401 781 2465 844 d.
2516 781 2716 845 Niese
2771 781 2828 845 1.
2870 781 2957 846 39

623 885 945 973 explicat·
984 892 1236 952 statum
1303 886 1688 952 Thessaliae
1738 909 1890 952 cum
1938 887 2154 952 dicat:
2232 887 2384 974 „die
2428 886 2797 970 Thessaler,
2848 886 2958 956 die

629 992 740 1074 „in
787 993 1006 1058 einem
1052 993 1488 1077 besonderen,
1533 994 1693 1059 dem
1713 993 2478 1060 Untherthanenstande
2503 993 2643 1059 sich
2668 993 2956 1058 nahem-

627 1099 801 1184 „den
840 1099 1302 1166 Verhaltnisse
1326 1125 1411 1166 zu
1439 1100 1719 1188 Philipp
1753 1100 2105 1166 standen.''
2149 1099 2441 1166 Nomina
2466 1108 2697 1167 autem
2717 1099 2957 1166 nonul-

620 1203 841 1273 lorum
906 1207 1418 1291 tetrarcharum,
1483 1214 1551 1274 et
1618 1208 2011 1274 testimonia
2082 1207 2359 1292 aliquot,
2431 1229 2606 1294 quae
2651 1208 2959 1273 indicant

620 1313 1017 1401 Philippum
1061 1314 1196 1379 illis
1243 1313 1752 1400 magistratibus
1807 1313 2092 1380 abusum
2142 1336 2304 1398 esse,
2352 1320 2430 1379 ut
2467 1314 2814 1402 proposita
2838 1337 2959 1380 sua

620 1427 1113 1507 exsequeretur,
1187 1428 1483 1487 aetatem
1549 1421 1871 1487 tulerunt.
1935 1421 2142 1510 Apud
2188 1420 2619 1487 Athenaeum
2666 1422 2844 1486 enim
2893 1422 2955 1487 6.

618 1528 789 1593 2490
847 1527 1098 1594 locutio
1169 1534 1270 1594 est
1338 1530 1424 1594 de
1485 1528 1921 1616 Thrasydaeo
1971 1529 2321 1595 adulatore
2370 1530 2568 1615 regis,
2616 1529 2958 1595 tetrarcha

618 1634 1039 1720 Thessaliae3
1101 1635 1590 1701 Demosthenes
1638 1636 1789 1700 241.
1843 1637 1929 1701 27
1978 1641 2463 1702 commemorat
2507 1636 2843 1701 Eudicum
2890 1640 2958 1700 et

620 1741 884 1807 Simum
918 1742 969 1830 2)
1016 1748 1094 1806 ut
1161 1742 1539 1830 proditores
1606 1743 1890 1830 patriae,
1954 1743 2105 1808 324.
2155 1744 2214 1810 7.
2263 1742 2635 1827 Daochum,
2675 1739 2955 1807 Cineam

619 1856 686 1913 et
732 1849 1260 1936 Thrasydaeum.

708 1953 940 2021 Status
1010 1956 1397 2022 Thessaliae
1480 1957 1605 2022 sub
1675 1957 2068 2023 Alexandro
2138 1978 2299 2044 rege
2379 1978 2519 2023 non
2591 1956 2958 2022 admodum

617 2070 917 2130 mutatus
959 2072 1077 2148 est,
1125 2065 1321 2131 initio
1367 2066 1562 2151 regni
1606 2065 1717 2131 hic
1763 2066 1836 2130 in
1883 2064 2232 2130 Thessalia
2281 2086 2547 2151 quoque
2597 2064 2955 2129 auctorita-

616 2178 758 2236 tem
803 2193 992 2236 suam
1054 2172 1346 2256 firmare,
1414 2171 1654 2238 foedus
1722 2172 2183 2257 redintegrare
2239 2177 2508 2236 coactus
2559 2176 2659 2236 est
2681 2168 2752 2252 3),
2798 2169 2961 2235 111110

617 2300 884 2364 quoque
929 2277 1235 2345 Thessali
1278 2279 1537 2345 tributa
1575 2277 1764 2345 fereb
1773 2285 1909 2363 ant,
1948 2279 2202 2344 Phthia
2248 2284 2532 2366 excepta
2556 2281 2627 2361 4),
2674 2277 2958 2364 portori-

617 2407 811 2450 orum
855 2384 1350 2453 usumfructum
1396 2386 1751 2469 dederunt,
1778 2385 2027 2451 milites
2050 2384 2534 2474 praebuerunt,
2562 2383 2680 2469 qui
2703 2382 2955 2470 stipen-

616 2491 731 2555 dia
778 2491 1080 2558 facerent
1145 2478 1283 2559 non
1330 2493 1454 2558 sub
1495 2493 1652 2577 61116,
1726 2493 1844 2558 sed
1891 2493 2014 2558 sub
2062 2492 2517 2558 Macedonicis
2564 2492 2846 2557 ducibus
2884 2490 2955 2574 5),

614 2618 769 2662 cum
814 2599 958 2687 ipse
1004 2602 1124 2665 rex
1168 2623 1470 2666 summae
1514 2601 1724 2666 totius
1786 2605 2129 2689 praeesset
2153 2601 2223 2673 ⁶).
2324 2599 2579 2665 Gentes
2625 2598 2958 2664 finitimae

621 2704 934 2795 Dolopes,
1004 2707 1366 2793 AenianeS,
1435 2707 1650 2792 Malii,
1702 2729 1933 2774 eorum
1982 2707 2363 2795 exemplum
2416 2706 2628 2772 secuti
2674 2707 2962 2794 perinde

618 2834 697 2877 ac
741 2814 1045 2880 Thessali
1093 2814 1331 2881 foedus
1389 2815 1962 2901 redintegrarunt,
2026 2813 2198 2879 nihil
2264 2814 2370 2880 his
2437 2814 2509 2877 in
2569 2813 2957 2898 regionibus

616 2919 923 3008 Philippi
987 2927 1204 2988 morte
1271 2926 1608 2985 mutatum
1658 2927 1758 2986 est
1783 2921 1851 3003 7).
1945 2920 2181 3007 Neque
2250 2920 2375 2985 sub
2432 2919 2819 3003 Diadoc'hiS,
2868 2941 2957 2984 ne

615 3027 1033 3116 temporibus
1101 3028 1567 3115 Epigonorum
1617 3028 1911 3114 quidem,
1984 3027 2332 3092 Thessalia
2378 3049 2520 3092 sese
2564 3027 2638 3091 in
2681 3025 2957 3091 liberta-

616 3140 756 3198 tem
815 3134 1165 3199 vindicare
1230 3135 1472 3223 potuit,
1551 3135 1666 3201 vel
1726 3136 1873 3224 ipse
1934 3134 2295 3222 Philippus
2341 3134 2425 3218 V,
2496 3139 2574 3198 ut
2632 3137 2825 3221 patet
2871 3153 2959 3197 ex

617 3241 879 3306 duabus
946 3241 1516 3329 inscriptionibus,
1584 3263 1724 3307 non
1779 3242 1911 3307 alio
1981 3242 2182 3307 modo
2230 3262 2436 3327 quam
2478 3239 2838 3328 Philippus
2883 3238 2959 3305 II

616 3347 1088 3412 auctoritatem
1141 3370 1331 3413 suam
1379 3349 1695 3437 exercuit,
1740 3348 1852 3413 hic
1898 3347 2079 3413 enim
2127 3368 2395 3433 quoque
2429 3345 2719 3432 jubebat
2750 3345 2957 3411 Thes-

617 3454 791 3519 salos
858 3454 1292 3540 magistratus
1356 3477 1436 3521 ea
1503 3454 1747 3539 facere,
1822 3477 1996 3540 quae
2064 3455 2192 3521 sibi
2250 3460 2448 3540 grata
2497 3460 2565 3518 et
2609 3453 2807 3518 utilia
2852 3475 2955 3518 es-

666 3719 716 3785 1)
754 3720 1037 3775 Sboronos
1090 3720 1228 3775 Hist.
1286 3721 1450 3776 Num.
1508 3723 1534 3775 Ι
1587 3722 1707 3776 365.
1782 3720 2070 3786 (Ceterum
2126 3720 2194 3775 de
2243 3720 2525 3775 Thessalia
2578 3720 2643 3773 cf.
2685 3719 2953 3775 Oratores

615 3809 781 3863 Attici
818 3809 869 3862 II
910 3808 1076 3863 Didot
1113 3809 1236 3864 Vita
1272 3811 1555 3865 Demosth.
1592 3828 1644 3881 p.
1686 3810 1806 3863 526.
1843 3809 1999 3863 Diod.
2041 3809 2123 3862 16.
2164 3808 2246 3862 14.
2279 3810 2358 3869 12).

666 3898 712 3966 2)
751 3898 961 3952 Extant
1013 3898 1228 3952 nummi
1283 3899 1482 3965 quibus
1559 3898 1697 3953 Simi
1771 3898 1916 3952 illius
1973 3914 2177 3952 nomen
2231 3898 2559 3968 inscriptum
2616 3900 2713 3952 est.
2777 3897 2957 3964 Percy

616 3986 879 4041 Gardner.
918 3986 1102 4042 Thess
1144 3990 1204 4041 to
1240 3988 1359 4041 Aet.
1400 3988 1688 4058 catalogus
1723 4006 1777 4057 p.
1813 3988 1898 4041 31.

668 4074 717 4139 3)
755 4075 909 4130 Diod.
952 4076 1033 4129 17.
1073 4076 1123 4130 4.
1166 4077 1214 4130 1.
1251 4077 1396 4131 Plut.
1434 4077 1515 4131 Al.
1556 4077 1641 4130 33.

667 4163 715 4229 4)
752 4165 948 4235 Droys.
990 4165 1037 4217 1.
1077 4164 1125 4218 1.
1166 4164 1286 4219 108.

666 4250 715 4318 5)
751 4253 962 4313 Ari-ian.
1005 4254 1053 4307 1.
1093 4252 1177 4307 25.
1218 4254 1297 4323 1.;
1333 4254 1383 4307 3.
1426 4254 1506 4309 11.
1557 4253 1639 4306 10.

665 4338 715 4407 6)
752 4342 934 4396 Justin
972 4342 1053 4395 11.
1092 4342 1140 4396 3.

666 4429 715 4496 7)
756 4429 910 4484 Diod.
950 4430 1021 4484 l.l.
