3338 5350
1668 545 1756 613 68

548 745 763 809 tiones
811 765 984 830 quae
1051 750 1344 810 aetatem
1411 745 1718 810 tulerunt
1786 744 1967 830 quod
2036 750 2270 810 contra
2305 744 2529 831 legem
2574 750 2884 831 satrapae

544 850 873 916 militibus
918 852 1311 939 provinciae
1357 874 1521 917 suae
1566 850 2031 939 praefuerunt,
2056 873 2194 917 non
2217 852 2348 916 nisi
2372 852 2595 939 specie
2615 857 2884 939 praesto

548 964 723 1042 sunt,
790 958 1145 1045 legemque
1214 959 1655 1042 confirmant3
1729 981 1889 1024 nam
1947 959 2356 1045 ubicumque
2423 959 2550 1025 hoc
2619 958 2881 1041 accidit,

546 1067 731 1131 idem
797 1067 906 1131 vir
976 1065 1236 1131 duobus
1305 1065 1522 1131 titulis
1562 1053 1982 1149 ornabatur,
2048 1066 2389 1154 praetoria
2457 1065 2752 1151 dignitas
2821 1064 2884 1128 ei

548 1194 685 1237 una
731 1195 886 1237 cum
926 1173 1222 1260 satrapia
1270 1174 1624 1239 commissa
1668 1179 1814 1238 erat
1835 1175 1904 1255 1).

635 1279 1023 1346 Alexander
1065 1281 1140 1345 in
1191 1280 1584 1366 regionibus
1628 1284 1862 1345 recens
1927 1282 2142 1368 captis
2187 1302 2326 1345 non
2370 1280 2623 1366 ubique
2670 1279 2881 1344 admi-

548 1387 1014 1453 nistrationem
1058 1409 1285 1452 rerum
1328 1386 1632 1452 civilium
1680 1388 1912 1452 statim
1954 1386 2438 1453 Macedonibus
2485 1387 2648 1452 dare
2681 1408 2879 1451 ausus

548 1500 681 1577 est;
751 1496 825 1558 in
868 1494 1211 1559 nonnullis
1280 1494 1647 1580 provinciis
1717 1495 1956 1559 Persas
2003 1500 2309 1581 satrapas
2356 1494 2720 1576 constituit,
2766 1491 2877 1558 vel

548 1602 754 1666 etiam
799 1601 873 1665 in
914 1600 1061 1665 aliis
1133 1622 1464 1665 summam
1535 1623 1681 1666 rem
1723 1599 1959 1686 regulo
2004 1601 2366 1686 indigenae
2411 1601 2774 1682 commisit3
2823 1600 2881 1664 si

546 1708 670 1773 tali
714 1709 863 1774 viro
910 1709 995 1776 ob
1042 1731 1251 1773 unam
1296 1707 1669 1774 alteramve
1716 1730 1987 1773 causam
2034 1729 2370 1774 successor
2423 1704 2878 1794 designandus

548 1822 709 1898 erat,
780 1821 944 1880 tunc
1010 1814 1218 1900 vulgo
1285 1814 1495 1881 Persa
1563 1815 1806 1900 aliquis
1872 1814 2032 1880 huic
2072 1815 2339 1881 muneri
2375 1815 2878 1898 destinabatur3

547 1923 653 1986 sin
699 1928 923 1986 autem
967 1921 1167 1987 tertio
1211 1944 1428 1988 novus
1474 1928 1776 2009 satrapes
1814 1923 2142 1988 creandus
2180 1928 2344 2004 erat,
2391 1928 2554 1988 tunc
2598 1921 2878 1987 Macedo

549 2027 944 2114 eligebatur,
993 2049 1366 2113 numquam
1413 2028 1622 2093 Persa
1666 2029 1985 2093 successit
2030 2028 2402 2094 Macedoni.

634 2134 854 2200 Morte
899 2134 1273 2200 Alexandri
1343 2135 1477 2201 duo
1544 2141 1813 2200 tantum
1859 2134 2079 2221 reguli
2124 2136 2488 2221 indigenae
2533 2135 2877 2222 superfue-

544 2249 725 2325 runt,
771 2242 890 2328 qui
936 2248 1358 2330 satraparum
1431 2244 1581 2307 vice
1647 2241 2129 2329 fungebantur,
2191 2264 2438 2329 nempe
2496 2241 2762 2307 Taxiles
2809 2248 2878 2307 et

546 2349 794 2431 Porus3
847 2354 981 2413 tres
1027 2349 1272 2414 Persae
1320 2349 1677 2435 (Oxyartes
1722 2350 1793 2414 in
1838 2349 2381 2437 Paropamisade,
2413 2347 2876 2436 Phratapher·

547 2479 667 2521 nes
708 2457 782 2520 in
826 2455 1107 2520 Parthia
1173 2461 1240 2519 et
1310 2455 1675 2541 Hyrcania,
1746 2456 2110 2542 Atropates
2178 2456 2251 2520 in
2324 2456 2552 2521 Media
2571 2454 2644 2541 2).
2739 2451 2876 2518 Sed

549 2564 831 2648 strategi
877 2569 945 2627 et
990 2562 1287 2650 episcopi
1335 2563 1453 2648 qui
1491 2562 1565 2626 in
1611 2561 1896 2648 singulis
1934 2562 2303 2649 provinciis
2344 2562 2666 2629 exercitui
2687 2583 2877 2649 prae·
2923 2609 2931 2616 -

548 2678 759 2753 erant,
808 2692 1071 2757 semper
1114 2668 1517 2735 Macedones
1563 2667 1859 2737 fuerunt.

634 2778 771 2843 Res
818 2778 905 2842 ad
954 2779 1287 2843 aerarium
1330 2776 1680 2866 publicum
1717 2778 2134 2864 pertinentes
2171 2800 2310 2844 non
2356 2799 2620 2865 semper
2641 2776 2878 2842 eodem

545 2884 747 2950 modo
815 2885 1219 2951 constitutae
1288 2890 1513 2966 erant3
1606 2883 1885 2949 fuerunt·
1964 2885 2347 2971 provinciae
2415 2884 2657 2971 quibus
2720 2906 2877 2949 suus

548 2997 862 3077 quaestor
929 2997 1195 3078 praesto
1257 2998 1404 3056 erat
1466 2990 1567 3054 ἐπὶ
1638 2994 1754 3054 τῶν
1824 2989 2017 3077 φόρων
2084 2998 2161 3071 τῇ
2226 2998 2518 3071 συλλογῇ,
2589 2990 2737 3056 aliis
2801 2991 2876 3054 in

545 3097 934 3184 regionibus
1004 3098 1179 3163 duae
1246 3097 1639 3185 provinciae
1703 3098 1788 3162 ab
1854 3119 1992 3163 uno
2053 3104 2404 3183 quaestore
2451 3098 2875 3163 administra-

548 3205 796 3270 bantur
819 3204 894 3287 3),
962 3204 1307 3269 interdum
1370 3205 1598 3292 plures
1668 3210 2054 3291 quaestores
2116 3227 2394 3269 munere
2461 3226 2580 3269 suo
2636 3203 2878 3290 funge-

544 3312 796 3377 bantur
838 3312 913 3375 in
957 3333 1095 3376 una
1140 3312 1512 3398 eademque
1555 3312 1925 3400 provincia.
2019 3311 2112 3375 Hi
2142 3311 2574 3397 magistratus
2617 3305 2879 3377 nomin·

550 3425 751 3483 antur
822 3418 1123 3498 νόμαρχοι
1171 3416 1445 3499 ὕπαρχοι
1466 3422 1517 3502 4)
1560 3419 1706 3484 sive
1753 3418 2080 3483 ἐπίσκοποι.
2166 3417 2450 3483 Tributa
2497 3418 2876 3503 exigebant,

548 3526 1119 3590 administrabant
1203 3531 1272 3589 et
1359 3525 1694 3591 rationem
1786 3547 2015 3591 eorum
2106 3524 2381 3590 dabant.
2472 3523 2880 3611 Exemplum

550 3638 776 3697 autem
823 3632 910 3697 de
953 3632 1154 3697 modo
1225 3654 1357 3718 quo
1424 3632 1813 3720 hyparchus
1879 3653 2156 3696 munere
2202 3654 2322 3697 suo
2367 3630 2764 3716 fungeretur
2808 3631 2885 3694 in

545 3739 627 3804 iis
672 3739 1037 3821 invenitur,
1088 3760 1262 3824 quae
1306 3761 1393 3804 no
1401 3739 1500 3804 bis
1544 3739 1801 3804 tradita
1847 3745 2005 3804 sunt
2049 3739 2135 3804 de
2177 3737 2536 3806 Cleomene
2578 3737 2873 3803 Naucra—

548 3845 665 3929 tio,
711 3846 1016 3933 Aegypti
1059 3845 1426 3933 hyparcho.
1520 3846 1649 3925 Qui
1697 3852 1924 3911 autem
1982 3846 2222 3911 eodem
2266 3852 2570 3932 tempore
2615 3842 2883 3909 duobus

546 3952 936 4018 muneribus
1003 3951 1449 4042 fungebatur;
1522 3953 2018 4018 administratio
2086 3952 2304 4019 civilis
2372 3953 2614 4017 tertiae
2666 3948 2884 4036 partis

599 4150 648 4216 1)
686 4150 848 4219 Quod
884 4150 1085 4205 dicitur
1124 4169 1174 4205 v.
1216 4168 1261 4204 c.
1304 4147 1373 4205 de
1412 4151 1662 4211 Balacro,
1702 4149 1939 4203 Pisidiae
1975 4152 2262 4219 praetore:
2300 4144 2699 4211 ἀποδεδειγμένος
2732 4163 2888 4208 στρα-

550 4240 704 4301 τηγὸς
741 4239 849 4300 ἅμα
886 4238 972 4288 καῖ
1007 4239 1276 4302 σατράπης.
1315 4239 1473 4293 Diod.
1513 4236 1595 4291 18.
1637 4238 1723 4291 22.
1762 4237 1810 4290 1.

600 4326 646 4393 2)
688 4326 1017 4382 Gutsohmid
1051 4327 1124 4381 ιι.
1164 4345 1216 4397 p.
1261 4327 1311 4380 7.

599 4414 646 4476 3)
683 4416 749 4470 of.
792 4416 1004 4471 Arriam.
1042 4417 1091 4471 3.
1137 4416 1185 4469 6.
1225 4416 1275 4469 4.

597 4502 644 4570 4)
682 4504 892 4560 Arrian.
935 4506 984 4559 6.
1023 4505 1109 4558 27.
1147 4506 1197 4558 4.
