3338 5350
1613 509 1651 572 7

470 704 746 769 urbibus
791 704 876 769 ab
924 704 1005 768 iis
1052 704 1416 791 occupatis,
1462 725 1631 792 pace
1679 702 1863 769 facta
1909 704 2228 792 Philippo
2275 705 2583 787 redditis,
2631 728 2806 791 quae

468 812 667 878 urbes
734 811 1109 876 necessario
1182 811 1350 876 sitae
1417 817 1612 875 erant
1671 811 1746 875 in
1806 810 2207 877 Macedonia
2250 809 2600 895 Inferiore,
2650 834 2805 877 cum

468 915 847 1003 Lyncestae
892 917 1026 984 illis
1072 917 1487 1004 temporibus
1535 916 1756 982 adhuc
1817 915 1987 981 κατὰ
2036 917 2250 994 κώμαις
2297 917 2688 983 habitarent
2727 918 2796 996 1).

469 1021 607 1089 Sed
652 1030 1017 1110 antequam
1062 1023 1212 1090 illos
1252 1024 1477 1090 hostes
1511 1030 1824 1090 externos
1849 1025 2349 1110 aggrederetur,
2374 1047 2481 1090 res
2501 1025 2802 1090 internas

468 1129 769 1196 firmaret
834 1152 1105 1196 necesse
1151 1131 1303 1197 fuit.
1350 1130 1534 1196 Ante
1574 1132 1800 1196 omnia
1865 1131 1997 1197 alia
2041 1131 2236 1217 regni
2285 1131 2803 1219 competitorum

426 1316 429 1319 Ι
469 1238 646 1302 vires
670 1236 896 1323 fregit,
921 1238 1369 1303 Athenienses
1395 1238 1523 1303 sibi
1547 1238 1935 1304 conciliavit
1958 1239 2040 1302 iis
2064 1239 2495 1304 concedendo
2519 1237 2803 1325 Amphi-

465 1343 675 1431 polin,
714 1344 766 1430 2)
832 1344 1433 1432 pollicitationibus
1500 1344 1803 1410 Paeones
1868 1366 1945 1410 eo
2008 1345 2203 1409 duxit
2248 1351 2324 1409 ut
2368 1345 2441 1409 in
2486 1365 2804 1432 praesens

466 1471 705 1537 pacem
775 1473 1000 1517 secum
1069 1457 1350 1537 agerent
1383 1449 1454 1534 3).
1522 1451 1646 1515 His
1692 1450 1891 1516 rebus
1938 1450 2256 1539 perfectis
2301 1456 2803 1539 peropportune

467 1558 751 1622 moritur
815 1557 1163 1624 Paeonum
1229 1579 1349 1623 rex
1393 1557 1581 1644 Agis,
1629 1558 1740 1623 cui
1786 1558 2101 1624 successit
2146 1558 2448 1644 Lycceus
2484 1557 2556 1640 4),
2607 1580 2802 1643 quem

469 1663 826 1751 Philippus
897 1665 1128 1729 statim
1189 1663 1335 1749 jam
1405 1685 1583 1729 anno
1644 1664 1778 1728 358
1841 1686 2197 1751 aggressus
2262 1672 2383 1747 est,
2448 1664 2805 1751 coegitque

470 1792 829 1855 agnoscere
873 1771 1335 1858 principatum
1370 1771 1812 1836 Macedoniae
1849 1769 1919 1843 5).

555 1877 817 1942 Eadem
877 1876 1153 1943 fortuna
1212 1899 1370 1942 usus
1441 1884 1543 1943 est
1588 1885 1823 1942 contra
1868 1877 2139 1964 Illyrios
2188 1884 2257 1943 et
2303 1899 2526 1943 eorem
2572 1899 2803 1963 regem

467 1983 821 2070 Bardylin,
887 2006 1052 2070 quos
1114 1985 1353 2050 eodem
1402 2006 1579 2050 anno
1627 2006 1986 2071 aggressus
2037 1991 2158 2067 est,
2207 2006 2244 2050 e
2288 1983 2537 2050 finibus
2584 1985 2804 2050 Mace-

468 2090 714 2155 doniae
773 2089 868 2176 rej
876 2092 1008 2155 ecit
1069 2088 1475 2177 fugavitque
1545 2113 1758 2177 usque
1807 2092 1894 2156 ad
1942 2090 2166 2157 lacum
2210 2091 2694 2178 Lychnitidem
2729 2089 2801 2176 ⁶).

466 2198 622 2285 Ipse
667 2196 985 2284 Bardylis
1033 2198 1175 2264 acie
1217 2219 1448 2264 caesus
1498 2203 1615 2280 est,
1662 2197 1843 2263 filius
1890 2198 2034 2283 ejus
2079 2197 2291 2263 Clitus
2332 2198 2805 2264 verosimiliter
2879 2195 2890 2203 '

468 2305 531 2369 ei
571 2304 887 2370 successit
913 2306 983 2387 ⁷).
1035 2304 1159 2369 His
1205 2305 1404 2369 rebus
1451 2303 1743 2369 feliciter
1787 2305 2079 2392 peractis
2102 2304 2423 2392 Philippo
2450 2305 2646 2391 copia
2671 2304 2805 2369 fuit

466 2412 783 2476 firmandi
837 2433 1125 2497 regnum
1171 2434 1385 2495 suum,
1432 2411 1712 2477 urbibus
1761 2413 2149 2496 condendis,
2176 2412 2469 2478 castellis
2494 2413 2802 2478 munien-

469 2519 573 2584 dis
601 2520 672 2602 8).
722 2518 912 2583 Inter
956 2524 1213 2583 ceteras
1255 2518 1452 2584 urbes
1499 2524 1662 2584 tunc
1706 2519 2030 2607 temporis
2067 2541 2107 2584 a
2130 2518 2450 2606 Philippo
2475 2519 2802 2603 conditaS,

465 2625 833 2714 praecipua
898 2626 1215 2692 habenda
1284 2632 1382 2691 est
1429 2625 1761 2692 Heraclea
1823 2625 2178 2713 Lyncestis
2205 2621 2272 2708 9),
2326 2647 2462 2713 qua
2507 2632 2576 2691 et
2620 2625 2800 2715 ipsos

465 2733 838 2819 Lyncestas
884 2740 1153 2798 tantum
1199 2755 1336 2799 non
1382 2755 1646 2821 semper
1691 2734 1837 2820 regi
1861 2733 2309 2798 Macedonum
2333 2731 2804 2800 infestissimos

467 2840 812 2906 cohiberet
834 2847 908 2918 10)
978 2840 1312 2926 simulque
1383 2842 1805 2907 munimento
1870 2846 2105 2907 contra
2150 2840 2420 2927 Illyrios
2479 2846 2797 2906 uteretur.

465 2945 892 3032 Argumenta
959 2970 1134 3035 quae
1192 2948 1531 3013 Demitsas
1579 2948 1797 3032 affert,
1846 2948 2190 3013 neminem
2236 2954 2394 3013 ante
2436 2948 2801 3035 Polybium

468 3060 537 3120 et
605 3052 1009 3120 Strabonem
1076 3055 1276 3141 hujus
1323 3055 1513 3120 urbis
1574 3056 1989 3121 mentionem
2051 3053 2310 3138 fecisse,
2356 3055 2801 3142 temporibus-

466 3183 598 3248 que
672 3161 832 3225 belli
898 3161 1454 3248 Peloponnesiaci
1522 3162 1896 3248 Lyncestas
1958 3161 2126 3225 κατὰ
2194 3160 2410 3238 κώμοις
2465 3161 2802 3227 habitasse

465 3268 698 3355 itaque
743 3267 979 3332 urbem
1039 3268 1231 3333 illam
1275 3269 1559 3357 posthac
1620 3270 1970 3336 conditam
2017 3290 2179 3353 esse,
2229 3290 2515 3353 eamque
2563 3292 2602 3333 a
2639 3268 2800 3333 Phi-

462 3376 653 3463 lippo
699 3375 895 3440 initio
955 3376 1149 3461 regni
1190 3373 1354 3460 ejuS,
1402 3375 1569 3440 mihi
1616 3376 1821 3440 valde
1868 3376 2187 3459 arrident,
2225 3376 2622 3462 praesertim
2648 3397 2801 3441 cum

465 3482 752 3548 sciamus
799 3482 1059 3548 cultum
1125 3482 1434 3547 Herculis
1502 3481 1637 3547 illis
1698 3482 2115 3570 temporibus
2160 3482 2455 3547 maxime
2500 3482 2803 3548 floruisse

515 3662 564 3728 1)
602 3662 755 3716 Diod.
795 3662 878 3716 16.
917 3662 966 3715 4.
1006 3662 1053 3713 7.
1092 3661 1263 3715 Thuc.
1300 3660 1347 3713 4.
1390 3661 1507 3714 124.
1545 3660 1595 3713 4.
1635 3660 1836 3715 Strabo
1877 3660 1999 3714 337.
2042 3660 2210 3714 Kuhn
2247 3677 2297 3727 p.
2337 3660 2405 3713 17
2448 3664 2503 3714 et
2543 3659 2645 3713 188
2680 3676 2802 3727 sqq.

517 3750 564 3819 2)
604 3751 756 3806 Diod.
801 3752 883 3805 16.
922 3752 971 3805 4.
1014 3751 1060 3804 1.

516 3839 564 3910 3)
602 3840 755 3895 Diod.
796 3841 879 3894 16.
917 3841 966 3894 3.
1005 3841 1054 3893 4.

515 3929 564 3997 4)
600 3930 984 4001 Dittenberger
1022 3928 1245 3999 Sylloge
1284 3929 1401 3982 114.
1440 3929 1545 3996 (ed.
1585 3929 1871 3996 secunda.)

510 4020 558 4087 5)
595 4019 749 4074 Diod.
789 4020 871 4073 16.
911 4019 960 4072 4.
1001 4018 1049 4071 2.
1088 4017 1338 4081 ἠνάγκασε
1372 4019 1431 4067 τὸ
1464 4015 1613 4077 ’ἔθνος
1648 4015 1946 4084 πειθαρχεῖν
1985 4019 2090 4075 τοῖς
2128 4015 2402 4067 Μακεδόσι.

513 4108 561 4176 6)
597 4108 752 4163 Diod.
793 4108 875 4162 16.
912 4108 961 4161 4.
1001 4107 1051 4162 3.
1089 4124 1206 4175 sqq.
1244 4106 1293 4161 8.
1332 4107 1394 4171 1;
1433 4106 1693 4162 Schaefer
1731 4107 2148 4162 Demosthenes·
2190 4105 2240 4159 2.
2280 4105 2366 4159 20.

514 4198 561 4268 7)
599 4198 809 4252 Ari-ian.
853 4198 900 4251 1.
940 4196 990 4251 5.
1033 4198 1081 4250 1.

512 4288 562 4354 8)
599 4288 879 4343 Demosth.
915 4286 1000 4341 54.
1038 4287 1088 4340 6.
1125 4287 1175 4335 οἱ
1207 4282 1299 4335 δ’ἒν
1337 4286 1583 4348 Ἰλλυριοῖς
1616 4288 1785 4347 πόλεις
1821 4281 2085 4348 τειχίζειν.

510 4376 561 4444 9)
597 4377 665 4432 cf.
704 4376 890 4447 Steph.
929 4377 1059 4446 Byz.
1098 4374 1377 4437 Ἡρακλεία.
1416 4374 1678 4430 Schaefer
1715 4375 1765 4429 2.
1802 4375 1907 4428 344
1946 4391 2073 4428 ann.
2115 4374 2165 4427 3.

487 4465 562 4533 10)
601 4465 872 4521 Demitsas
908 4466 977 4519 11.
1019 4462 1137 4518 105.

3275 0 3312 85 „A
