3338 5350
1685 509 1774 572 88

566 712 666 772 est
690 706 761 789 1),
824 727 978 770 oum
1019 703 1297 771 Cratero
1357 727 1518 770 cura
1561 705 1899 791 regiorum
1937 704 2267 769 bonorum
2314 705 2669 770 commissa
2713 706 2802 770 sit
2822 707 2896 792 2).

654 813 701 879 J
704 834 815 878 am
862 833 1065 899 supra
1112 813 1294 901 (pag.
1319 813 1407 877 86
1432 834 1586 877 ann.
1612 812 1701 894 2.)
1751 812 2005 877 dictum
2053 817 2154 876 est
2175 833 2514 877 summum
2539 812 2900 899 imperium

567 921 997 987 commissum
1044 941 1183 985 esse
1229 919 1498 985 decreto
1564 918 1937 984 nobilitatis
1984 918 2460 985 Macedonicae
2505 918 2902 985 confirmato

566 1050 606 1092 a
667 1028 977 1092 contione
1016 1026 1272 1114 plebis3
1343 1027 1524 1114 quod
1569 1048 1709 1091 non
1752 1032 2023 1092 tantum
2093 1024 2351 1091 factum
2396 1033 2501 1093 est
2545 1047 2723 1092 anno
2769 1027 2901 1092 323

564 1132 938 1219 Babylone,
987 1134 1106 1198 sed
1152 1134 1359 1199 etiam
1409 1155 1586 1198 anno
1624 1134 1753 1199 321
1779 1132 2191 1222 Triparadisi
2214 1135 2284 1217 3).
2324 1134 2416 1198 Et
2440 1133 2677 1200 eodem
2699 1132 2905 1198 modo

555 1241 711 1306 sine
756 1239 960 1306 dubio
1005 1240 1368 1328 Antipater
1408 1240 1600 1306 brevi
1647 1247 1807 1305 ante
1851 1247 2138 1305 mortem
2185 1262 2361 1305 anno
2408 1240 2537 1305 319
2584 1262 2719 1306 non
2757 1240 2904 1328 ipse

567 1348 785 1414 solum
829 1369 1253 1435 quocumque
1292 1348 1493 1413 modo
1543 1347 1891 1413 decretum
1937 1348 2020 1413 de
2068 1348 2196 1412 hac
2238 1369 2313 1412 re
2348 1346 2523 1429 tulit,
2553 1346 2668 1411 sed
2695 1348 2906 1412 etiam

563 1456 821 1521 hetaeri
866 1462 934 1521 et
980 1455 1193 1544 plebe,
1267 1477 1440 1541 quae
1504 1454 1738 1520 Pellae
1809 1454 2062 1536 aderat,
2124 1456 2656 1520 nominationem
2699 1453 2909 1540 Poly-

569 1563 988 1652 sperchontis
1036 1562 1628 1629 confirmaverunt.
1679 1562 1961 1628 Summa
1997 1568 2297 1649 potestas
2334 1584 2494 1649 ergo
2534 1584 2740 1650 penes
2763 1559 2907 1649 ple·

545 1651 723 1736 ’bem
768 1675 844 1735 et
883 1668 1308 1736 nobilitatem
1352 1675 1515 1735 erat.

660 1777 1004 1857 Quatenus
1072 1782 1257 1841 certa
1329 1776 1553 1841 edicta
1617 1777 2070 1863 procuratoris
2138 1778 2306 1862 regii
2355 1798 2394 1841 a
2437 1775 2792 1842 nobilitate
2838 1783 2907 1841 et

567 1883 768 1971 plebe
811 1884 1148 1949 firmanda
1191 1883 1464 1966 fuerint,
1512 1905 1652 1949 non
1698 1883 1991 1950 dilucide
2036 1890 2245 1973 patet.
2331 1883 2550 1950 Multa
2597 1883 2908 1971 exempla

565 1997 836 2080 praesto
904 1996 1064 2056 sunt
1131 2013 1306 2078 quae
1364 1992 1734 2058 ostendunt
1778 1998 2242 2080 procuratores
2289 1992 2556 2079 imperii
2600 1996 2907 2078 satrapas

567 2100 655 2164 ad
725 2119 794 2163 se
863 2099 934 2163 in
993 2098 1106 2184 jus
1173 2102 1541 2165 vocavisse.
1642 2099 1790 2165 Uno
1827 2098 1975 2164 loco
2023 2098 2264 2163 saltem
2309 2100 2669 2187 accipimus
2714 2119 2909 2163 reum

564 2230 704 2274 non
751 2205 970 2273 solum
1015 2229 1241 2272 coram
1286 2229 1447 2293 rege
1496 2214 1563 2272 et
1607 2213 2042 2296 procuratore
2086 2207 2292 2292 regi0,
2340 2207 2459 2272 sed
2497 2208 2568 2271 in
2596 2207 2908 2272 contione

565 2318 1033 2381 universorum
1078 2315 1525 2380 Macedonum
1591 2337 1737 2380 rem
1782 2337 1975 2380 suam
2018 2316 2274 2401 egisse3
2343 2336 2481 2379 non
2528 2313 2658 2379 alio
2704 2313 2907 2379 modo

566 2423 994 2489 Ptolemaeus
1039 2421 1216 2508 Lagi
1262 2423 1422 2508 egit,
1476 2444 1632 2488 cum
1696 2422 2051 2487 Perdiccas
2120 2424 2180 2487 ei
2242 2422 2706 2487 vadimonium
2750 2442 2906 2487 con-

569 2530 936 2612 stituisset3
989 2531 1197 2595 etiam
1243 2529 1352 2594 hic
1399 2552 1542 2595 sese
1588 2551 1817 2595 coram
1864 2530 2159 2594 exercitu
2185 2528 2514 2613 defendit,
2563 2527 2679 2593 sed
2705 2549 2910 2592 causa

567 2637 812 2703 cecidit
830 2635 903 2724 4).
999 2634 1330 2725 Satrapae
1410 2638 1617 2703 creati
1680 2637 1822 2704 sive
1890 2658 2168 2702 munere
2237 2635 2501 2724 dejecti,
2573 2635 2909 2701 innumeri

571 2745 1077 2812 commemorati
1124 2750 1301 2828 sunt,
1375 2767 1502 2810 nec
1566 2751 1801 2810 tamen
1859 2744 2222 2831 quicquam
2269 2744 2557 2833 amplius
2604 2743 2737 2809 nisi
2779 2743 2908 2808 hoc

569 2852 794 2939 ipsum
832 2851 1091 2917 factum
1138 2851 1468 2917 traditum
1513 2858 1615 2917 est
1638 2845 1713 2935 5).
1804 2850 1989 2916 Fieri
2025 2856 2258 2916 tamen
2300 2851 2526 2938 potuit
2569 2856 2645 2915 ut
2686 2849 2911 2937 prima

572 2980 842 3045 quaque
888 2958 1255 3041 occasione,
1305 2979 1441 3044 qua
1485 2965 1788 3046 satrapes
1834 2979 2115 3023 munere
2161 2958 2461 3043 dejectus
2495 2958 2601 3041 sit,
2648 2955 2908 3022 nobiles

575 3072 643 3130 et
688 3065 935 3129 milites
982 3065 1102 3152 qui
1147 3066 1431 3131 aderant
1476 3065 1885 3131 sententiam
1928 3065 2152 3151 rogati
2195 3065 2349 3129 sint.

661 3281 840 3348 Oura
885 3281 1187 3347 universi
1231 3281 1519 3369 imperii,
1588 3281 1780 3366 regia
1824 3285 2124 3368 potestas
2193 3286 2271 3345 ut
2318 3303 2402 3345 ex
2445 3280 2907 3367 praecedenti-

569 3392 696 3457 bus
767 3390 1103 3477 apparuit,
1177 3394 1395 3454 morte
1464 3388 1840 3454 Alexandri
1910 3409 1950 3451 a
2016 3408 2176 3473 rege
2244 3388 2317 3452 in
2378 3388 2679 3453 diversos
2726 3386 2909 3453 viros

568 3497 777 3563 variis
848 3496 1238 3562 muneribus
1329 3495 1695 3582 fungentes
1786 3494 2074 3560 transiit.
2169 3492 2306 3560 Sed
2396 3517 2618 3581 neque
2686 3494 2909 3560 minus

573 3604 1067 3670 administratio
1153 3604 1574 3690 singularum
1662 3602 2167 3691 provinciarum
2234 3601 2377 3688 jam
2459 3602 2690 3668 statim
2756 3608 2911 3689 post

574 3718 862 3777 mortem
940 3710 1317 3777 Alexandri
1382 3710 1638 3776 laxiore
1707 3710 1980 3775 vinculo
2047 3731 2203 3774 cum
2294 3731 2556 3775 summo
2623 3707 2909 3796 imperio

572 3818 935 3903 conjuncta
977 3818 1132 3902 fuit,
1179 3840 1285 3883 res
1332 3818 1611 3883 maximi
1657 3817 1984 3884 momenti
2031 3816 2212 3903 quod
2271 3817 2519 3883 attinet
2567 3816 2653 3881 ad
2701 3815 2899 3880 disso-

623 4023 671 4087 1)
707 4024 861 4079 Diod.
903 4024 985 4078 18.
1026 4025 1077 4078 3.
1115 4024 1164 4076 4.
1204 4024 1402 4079 Justin.
1444 4024 1526 4077 13.
1566 4024 1618 4077 4.
1656 4023 1741 4077 17.

623 4112 672 4176 2)
710 4113 777 4167 cf.
814 4131 866 4183 p.
906 4113 990 4167 87.
1034 4130 1159 4167 ann.
1199 4113 1249 4165 4.

623 4201 669 4268 3)
706 4201 861 4255 Diod.
901 4200 984 4255 18.
1022 4202 1108 4255 39.
1145 4202 1196 4254 3.
1245 4203 1296 4250 οἱ
1323 4198 1594 4262 Μακεδόνες
1630 4198 1933 4264 ἐπιμελητὴν
1967 4204 2157 4252 εἵλοντο
2194 4202 2518 4263 Ἀντίπατρον
2555 4199 2908 4263 αὐτοκράτορα.

628 4289 656 4330 4
714 4291 837 4344 Arri
873 4310 925 4345 n.
1034 4291 1117 4345 28.

625 4293 677 4447 5))
711 4381 776 4435 cf.
832 4292 996 4448 guo}
1036 4381 1297 4434 Eumenis
1353 4379 1552 4433 milites
1608 4380 1946 4434 Macedonici
1998 4379 2071 4434 a0.
2109 4380 2213 4433 319
2250 4380 2306 4433 in
2343 4379 2535 4434 Cilicia
2569 4379 2914 4448 Antigonum

576 4471 792 4524 hostem
830 4487 1025 4540 regum
1061 4469 1581 4538 pronunciaverunt.
1621 4468 1775 4522 Diod.
1818 4469 1899 4522 18.
1936 4469 2020 4522 63.
2058 4470 2107 4521 4.
