3338 5350
1570 536 1657 599 85

427 737 592 797 sunt
615 733 685 814 1).
780 730 1086 795 Tandem
1154 751 1333 794 anno
1403 729 1535 794 308
1601 730 1992 798 Ptolemaeo
2063 732 2365 821 Aegypti
2433 736 2776 823 praefecto

429 861 696 904 morem
757 837 986 924 gessit,
1048 837 1122 900 in
1167 858 1246 902 eo
1285 845 1431 901 erat
1476 844 1552 902 ut
1613 859 1757 902 sese
1805 838 1889 903 ad
1939 861 2086 904 eum
2135 840 2491 926 conferret,
2540 866 2693 910 cum
2740 869 2780 911 a

429 946 714 1012 famulis
761 945 897 1010 suis
942 943 1300 1009 interfecta
1346 951 1467 1026 est,
1516 950 1770 1010 secreto
1815 946 2148 1032 Antigoni
2190 947 2384 1033 jussu
2405 949 2473 1032 2).

527 1053 876 1118 Postremo
922 1050 1070 1117 loco
1117 1051 1324 1117 etiam
1367 1073 1538 1138 puer
1581 1051 1902 1117 Heracles
1948 1055 2401 1121 nominandus
2449 1064 2568 1141 est,
2601 1057 2780 1123 filius

433 1159 813 1225 Alexandri
881 1163 950 1223 et
993 1157 1331 1241 BarsineS,
1401 1158 1644 1224 sororis
1707 1159 2102 1226 Memnonis,
2195 1160 2389 1239 Quod
2453 1165 2539 1229 ad
2586 1164 2779 1230 illum

436 1267 707 1349 attinet,
769 1266 943 1330 nihil
989 1265 1655 1331 commemorandum
1719 1273 1820 1330 est
1882 1266 2007 1332 hoc
2066 1267 2213 1333 loco
2259 1270 2389 1334 nisi
2437 1272 2777 1359 expeditio

435 1372 1035 1460 Polysperchontis
1105 1360 1266 1436 anni
1334 1373 1485 1455 311,
1556 1394 1729 1458 quae
1798 1382 2109 1462 suscepta
2176 1383 2278 1440 est
2346 1382 2422 1441 ut
2489 1399 2644 1443 eum
2704 1381 2778 1443 in

437 1480 685 1546 solium
752 1480 1015 1565 regium
1082 1485 1443 1567 paternum
1489 1478 1867 1564 collocaret,
1930 1483 2047 1546 sed
2108 1504 2285 1568 quae
2330 1483 2531 1548 simul
2576 1507 2778 1550 causa

437 1588 677 1654 mortis
722 1586 867 1673 ejus
914 1586 1066 1654 fuit.

532 1829 722 1908 Quod
772 1851 950 1894 anno
996 1830 1126 1894 323
1173 1829 1304 1916 ipsi
1348 1851 1541 1915 reges
1587 1829 1872 1916 imperio
1933 1832 2226 1917 impares
2271 1831 2567 1915 fuerunt,
2615 1839 2778 1897 nota

435 1960 545 2003 res
608 1942 724 2001 est.
842 1937 1231 2002 Necessario
1303 1956 1410 2002 res
1505 1936 2077 2001 administrandae
2147 1943 2342 2002 erant
2410 1961 2450 2003 a
2517 1960 2776 2004 summo

438 2045 733 2130 quodam
781 2044 1201 2129 magistram,
1251 2042 1441 2128 cujus
1485 2050 1785 2130 potestas
1834 2065 1974 2108 sese
2019 2067 2142 2131 per
2178 2050 2398 2110 totum
2421 2046 2776 2132 imperium

437 2151 850 2233 extenderet,
921 2151 1056 2236 qui,
1126 2171 1282 2214 cum
1342 2150 1716 2237 possideret
1793 2150 2088 2235 sigillum
2155 2152 2439 2238 imperii,
2508 2152 2777 2217 decreta

433 2259 625 2343 regio
671 2258 943 2323 nomine
1011 2256 1196 2322 facta
1256 2278 1380 2344 per
1423 2264 1644 2321 totum
1691 2258 2042 2344 imperium
2091 2259 2658 2341 circummitteret,
2710 2265 2776 2321 et

436 2366 556 2451 qui
599 2386 721 2452 per
766 2365 1135 2430 exercitum
1182 2365 1252 2429 id
1298 2370 1584 2447 curaret,
1632 2371 1711 2428 ut
1756 2364 2066 2429 diversae
2113 2370 2352 2450 gentes
2391 2363 2593 2450 jussis
2640 2366 2776 2429 suis

436 2471 836 2537 oboedirent

483 2579 702 2643 *ltem
767 2585 1036 2666 praesto
1107 2585 1279 2644 esset
1348 2577 1589 2664 aliquis
1655 2600 1925 2643 necesse
1994 2577 2147 2661 fuit,
2219 2581 2335 2665 qui
2413 2580 2777 2646 custodiret

435 2709 717 2774 corpora
763 2709 1020 2772 regum,
1084 2686 1284 2752 rebus
1330 2707 1562 2752 eorum
1607 2689 2039 2780 prospiceret.
2131 2687 2281 2752 Hae
2329 2694 2557 2753 autem
2603 2689 2777 2755 duae

434 2815 563 2877 reS,
609 2816 855 2881 nempe
898 2815 1060 2859 cura
1105 2795 1370 2881 imperii
1413 2799 1481 2858 et
1526 2816 1688 2859 cura
1733 2815 2092 2881 corporum
2127 2796 2464 2881 regiorum
2488 2798 2777 2862 univiro

436 2901 714 2965 omnino
775 2922 912 2965 non
974 2902 1501 2966 committendae
1564 2908 1775 2966 erant.
1824 2900 1997 2967 Cum
2041 2903 2338 2989 primum
2383 2925 2490 2968 res
2535 2905 2776 2969 consti-

432 3013 626 3071 tutae
710 3014 885 3092 sunt,
969 3030 1183 3094 usque
1267 3030 1346 3073 eo
1433 3016 1785 3096 separatae
1869 3015 2044 3087 sunt,
2130 3016 2205 3074 ut
2288 3031 2447 3075 cura
2515 3012 2779 3098 imperii

431 3115 555 3178 uni
621 3115 768 3179 viro
835 3118 1389 3199 committeretur,
1469 3137 1629 3180 cura
1696 3137 1935 3202 regum
2007 3124 2236 3181 autem
2303 3118 2484 3183 inter
2548 3117 2778 3205 plures

434 3221 657 3285 divisa
704 3221 807 3285 sit.

526 3327 851 3394 Custodes
895 3331 1092 3414 regiS,
1165 3330 1536 3396 secundum
1579 3333 1877 3419 primum
1945 3330 2291 3397 decretum
2339 3354 2379 3396 a
2421 3332 2778 3398 nobilitate

430 3434 790 3521 Babylone
859 3435 1137 3520 factum,
1211 3440 1443 3503 statim
1507 3444 1663 3526 post
1730 3437 2108 3503 Alexandri
2154 3445 2441 3503 mortem
2488 3445 2778 3524 quatuor

430 3544 564 3606 viri
633 3544 977 3608 constituti
1050 3550 1226 3627 sunt,
1297 3566 1544 3631 nempe
1602 3545 1958 3610 Perdiccas
2006 3551 2074 3609 et
2119 3545 2532 3628 LeonnatuS,
2579 3546 2776 3610 Anti-

426 3655 631 3736 pater
677 3655 744 3713 et
790 3646 1132 3734 Craterus3
1183 3650 1253 3715 hi
1302 3658 1591 3738 quatuor
1645 3653 1770 3717 viri
1816 3674 2076 3717 summo
2123 3654 2403 3740 imperio
2448 3651 2775 3739 praefecti

430 3763 609 3837 sunt,
660 3762 728 3819 et
777 3757 1013 3821 eodem
1074 3760 1275 3824 modo
1326 3781 1458 3844 quo
1506 3762 1576 3825 in
1622 3759 1836 3824 verba
1883 3782 2122 3846 regum
2161 3760 2488 3845 jurabant
2532 3760 2776 3845 magis-

427 3867 648 3926 tratus
699 3870 766 3927 et
810 3863 1079 3949 milites,
1141 3866 1214 3930 in
1260 3886 1495 3932 eorum
1541 3888 1811 3953 quoque
1869 3865 2080 3932 verba
2116 3866 2487 3952 jurandum
2533 3875 2678 3933 erat
2700 3867 2776 3954 3).

475 4122 526 4178 1)
566 4123 722 4178 Diod.
763 4123 851 4177 20.
894 4124 979 4177 37.
1018 4125 1068 4178 4.

476 4212 523 4279 2)
559 4212 714 4267 Diod.
754 4211 839 4265 20.
882 4213 970 4266 37.
1011 4213 1099 4266 5.-

478 4300 525 4369 3)
562 4302 762 4357 Justin.
821 4302 888 4356 13
964 4303 1012 4355 2.
1073 4304 1191 4356 14.:
1261 4305 1338 4372 „si
1389 4322 1528 4373 puer
1582 4308 1747 4358 natus
1812 4304 2025 4373 fuisset,
2081 4307 2297 4359 tutores
2332 4307 2681 4359 Leonnatum
2721 4309 2777 4360 et

428 4391 782 4458 „Perdiccam
840 4394 895 4444 et
949 4391 1243 4446 Craterum
1304 4397 1358 4447 et
1413 4394 1767 4463 Antipatrum
1838 4394 2200 4462 constituunt,
2269 4395 2665 4461 confestimque
2722 4396 2776 4448 in

428 4483 722 4548 „tutorum
765 4479 1030 4546 obsequia
1060 4479 1301 4549 jurant.”
