3338 5350
1531 520 1653 584 171

416 719 809 800 persecutus
878 721 996 796 est,
1047 713 1334 779 alterum
1380 713 1804 800 Antigonum
1851 739 2005 781 cum
2049 715 2389 783 Antiocho
2429 718 2576 805 jam
2620 719 2760 784 bel-

417 818 874 905 ligerantem,=
914 823 1026 887 vel
1094 822 1167 885 in
1237 843 1314 888 eo
1385 828 1459 886 ut
1525 821 1783 888 bellum
1848 830 2133 910 gereret,
2202 848 2327 913 per
2388 826 2760 913 Spartanos

423 928 838 1013 aggreditur.
887 928 1047 994 Tria
1092 929 1274 994 bella
1297 929 1525 1016 igitur,
1552 937 1824 1018 praeter
1845 929 2103 996 bellum
2128 932 2310 1017 quod
2334 933 2406 998 in
2432 932 2763 1019 Bithynia

417 1035 800 1121 gerebatur.
893 1038 986 1101 Et
1051 1038 1325 1102 interim
1392 1037 1798 1103 Macedonia
1866 1057 1908 1103 a
1975 1037 2192 1103 Gallis
2239 1045 2567 1124 vastatur,
2615 1039 2761 1128 ipse

418 1140 766 1209 Ceraunus
811 1142 1070 1230 proelio
1115 1143 1536 1209 interficitur.
1585 1145 1770 1210 Luce
1816 1145 2062 1210 clarius
2109 1152 2213 1210 est
2255 1145 2382 1211 hoc
2425 1168 2604 1212 anno
2628 1148 2763 1213 280

417 1250 835 1315 Antiochum
880 1250 953 1314 in
999 1251 1274 1339 Europa
1320 1250 1492 1316 nihil
1535 1250 1862 1338 proficere
1905 1253 2224 1340 potuisse.

511 1355 832 1443 Sequitur
893 1358 1225 1423 secundus
1295 1379 1511 1424 annus
1574 1358 1736 1423 belli
1782 1358 1931 1425 279.
2026 1360 2294 1426 Bellum
2362 1367 2433 1426 et
2474 1362 2645 1426 mari
2696 1369 2763 1426 et

417 1472 600 1530 terra
667 1466 945 1550 geritur,
1015 1464 1393 1530 Antiochus
1455 1466 1896 1531 Nicomedem
1965 1467 2363 1553 aggreditur
2388 1468 2462 1554 ¹),
2530 1468 2761 1534 classis

419 1571 978 1638 Heracleotarum
1022 1572 1350 1637 tredecim
1395 1573 1677 1639 navium
1729 1574 1976 1640 auxilio
2002 1575 2226 1658 ,missa
2271 1574 2445 1640 nihil
2490 1574 2760 1641 efficere

417 1678 663 1768 potuit,
734 1700 890 1743 cum
933 1677 1410 1745 verosimiliter
1476 1680 1919 1768 impediretur
1987 1705 2029 1746 a
2078 1682 2370 1749 navibus
2439 1682 2761 1748 Antiochi

419 1808 595 1871 quae
641 1787 728 1850 ad
773 1786 1293 1874 Hellespontum
1339 1788 1702 1853 stationem
1754 1787 2245 1878 habuerunt-2).
2338 1788 2475 1855 Sed
2524 1790 2761 1855 eodem

417 1900 722 1981 tempore
767 1893 1024 1958 bellum
1068 1893 1389 1981 flagrasse
1437 1895 1711 1960 videtur
1754 1897 1825 1960 in
1865 1897 1996 1961 oris
2042 1896 2400 1962 Maritimis
2444 1897 2759 1962 Macedo-

416 1999 573 2066 niae
644 2007 711 2065 et
778 2001 1125 2065 Thraciae.
1217 2000 1302 2066 In
1369 2001 1864 2067 mediterranea
1931 2010 2126 2090 parte
2196 2003 2512 2069 Sostheni
2576 2003 2760 2068 Galli

415 2110 754 2173 maximae
823 2130 1024 2173 curae
1093 2115 1304 2192 erant,
1396 2110 1631 2195 quidni
1704 2109 2082 2176 Antiochus
2168 2109 2273 2176 his
2342 2111 2759 2199 temporibus

415 2221 682 2303 partem
749 2214 1188 2281 Macedoniae
1257 2214 1593 2282 inferioris
1663 2222 1731 2281 et
1799 2239 1948 2283 oras
2016 2218 2389 2284 maritimas
2433 2217 2760 2283 Thraciae

417 2323 871 2410 occupaverit,
919 2323 1317 2409 praesertim
1368 2345 1523 2388 cum
1571 2331 1901 2412 appareat
1940 2348 2023 2391 ex
2059 2325 2260 2392 rebus
2302 2325 2760 2392 Cassandreae

418 2452 574 2495 eum
627 2429 789 2494 satis
834 2429 962 2494 hoc
1010 2450 1187 2494 anno
1231 2429 1370 2494 illic
1417 2430 1769 2497 valuisse?
1813 2432 2006 2497 Tunc
2053 2431 2212 2500 illae
2257 2432 2459 2497 urbes
2505 2430 2764 2497 fuerint

420 2537 521 2601 illi
592 2536 810 2601 πολλοὶ
859 2532 1042 2615 ἕτεροι
1093 2535 1429 2617 σύμμαχοι
1497 2537 1880 2604 Memnonis
1950 2561 2007 2605 c.
2080 2539 2182 2623 18,
2255 2539 2372 2626 qui
2441 2561 2596 2604 cum
2653 2562 2760 2604 res

418 2643 744 2734 Thraciae
788 2643 1261 2732 conscripserit
1308 2665 1418 2710 eos
1465 2650 1817 2732 tamquam
1864 2645 2156 2712 Graecos
2201 2668 2341 2712 non
2362 2647 2762 2712 nominatim

419 2753 939 2818 enumeraverit.
1048 2751 1160 2816 Illi
1229 2753 1551 2839 quingeni
1631 2752 1880 2818 milites
1952 2754 2040 2819 ad
2111 2753 2603 2841 Thermopylas
2676 2752 2761 2818 ab

418 2866 707 2946 utroque
752 2858 1194 2946 competitore
1240 2860 1443 2942 missi,
1493 2861 1653 2925 satis
1692 2861 2061 2926 ostendunt
2107 2883 2220 2927 eos
2266 2863 2446 2948 ipsos
2495 2860 2644 2925 aliis
2690 2861 2763 2924 in

415 2966 579 3032 locis
648 2967 915 3052 magnis
977 2966 1178 3031 rebus
1249 2973 1609 3054 occupatos
1680 2965 1907 3032 fuisse.
2000 2968 2208 3033 Nullo
2273 2969 2474 3033 modo
2536 2974 2763 3033 autem

410 3071 742 3159 jamnunc
808 3072 1186 3138 Antiochus
1257 3094 1399 3139 sese
1466 3072 1668 3138 rebus
1731 3073 2055 3139 Graeciae
2114 3074 2470 3140 inmiscere
2518 3077 2762 3162 potuit,

417 3202 571 3245 cum
640 3180 822 3246 Galli
884 3179 989 3245 his
1054 3181 1328 3246 demum
1397 3182 1817 3268 temporibus
1888 3182 2118 3247 omnia
2185 3180 2324 3247 illic
2392 3189 2760 3247 vastarent.

417 3286 557 3353 Sed
600 3288 786 3353 haud
833 3287 970 3353 scio
1020 3310 1107 3353 an
1150 3288 1420 3373 rejectis
1478 3287 1785 3353 barbaris
1849 3296 2176 3354 autumno
2225 3290 2384 3354 anni
2430 3290 2562 3353 279
2609 3310 2763 3354 cum

409 3395 714 3460 exercitu
761 3418 884 3484 per
929 3394 1349 3460 Thessaliam
1407 3397 1478 3460 in
1528 3394 1874 3462 Aetoliam
1935 3396 2328 3484 pervenerit
2373 3395 2490 3462 ubi
2535 3397 2763 3461 omnia

414 3502 733 3567 nimirum
828 3501 1265 3567 vehementer
1353 3503 1756 3590 perturbata
1823 3509 2036 3587 erant,
2107 3504 2180 3568 vi
2250 3504 2464 3569 coacti
2534 3503 2763 3569 Aetoli

414 3612 801 3675 societatem
849 3632 1005 3675 cum
1052 3631 1129 3675 eo
1174 3609 1465 3675 inierint.
1559 3610 1768 3676 Nullo
1805 3609 1939 3676 alio
1984 3617 2289 3699 tempore
2338 3611 2395 3675 si
2441 3632 2764 3695 umquam

412 3719 585 3782 inita
654 3724 774 3800 est,
848 3719 1018 3782 haec
1087 3719 1367 3783 societas
1434 3717 1754 3784 constitui
1819 3720 2046 3805 potuit
2105 3720 2233 3784 nisi
2293 3738 2492 3800 nunc,
2542 3718 2765 3782 hieme

414 3826 578 3890 anni
621 3824 918 3911 279s278
952 3824 1023 3909 3).
1114 3823 1345 3890 Etiam
1389 3825 1518 3891 hoc
1564 3832 2043 3911 argumentum
2098 3833 2219 3910 est,
2270 3825 2446 3911 quod
2500 3825 2763 3890 nummi

410 3933 677 3997 inventi
725 3953 880 3996 aere
928 3930 1094 3997 facti
1141 3938 1317 4017 sunt,
1364 3938 1519 4020 post
1569 3938 1829 3998 atroces
1886 3931 2241 3998 Gallorum
2286 3932 2761 4019 populationes

410 4038 786 4105 necessario
833 4045 1194 4125 argentum
1240 4045 1309 4104 et
1355 4061 1597 4106 aurum
1639 4061 1796 4105 rara
1845 4037 2146 4104 fuerunt.
2241 4038 2379 4105 Sed
2423 4038 2594 4104 nihil
2633 4039 2766 4103 nisi

464 4296 512 4362 1)
551 4296 828 4353 Memnon.
869 4316 914 4353 c.
956 4298 1037 4353 18.

462 4388 513 4453 2)
552 4389 745 4458 DroyS.
786 4388 837 4443 2.
876 4390 925 4440 2.
963 4388 1084 4442 338.

461 4476 511 4543 3)
555 4477 625 4530 cf.
658 4495 764 4531 van
804 4478 1003 4533 Gelder
1042 4497 1091 4548 p.
1130 4479 1214 4532 69.
