3338 5350
1557 525 1645 589 87

415 743 678 831 positus
726 747 830 806 est
879 739 1285 825 Lysimacho
1331 745 1643 826 satrapae
1688 738 2032 822 Thraciae,
2102 742 2370 805 tametsi
2414 739 2571 806 huic
2615 761 2765 828 per-

416 850 600 915 misit
647 853 725 912 ut
769 846 854 912 ab
902 848 1085 912 omni
1130 853 1330 934 parte
1373 846 1692 911 libertate
1739 845 2078 911 frueretur
2103 846 2178 931 1).
2227 847 2544 912 Craterus
2568 847 2768 912 Anti·

417 963 619 1044 patro
667 954 1027 1039 adjunctus
1074 960 1238 1037 erat,
1285 954 1434 1042 pari
1479 959 1818 1041 potestate
1884 960 1961 1017 ut
2005 954 2297 1036 videtur,
2348 954 2768 1041 quandoqui-

423 1063 581 1127 dem
633 1085 659 1147 J
670 1082 781 1126 am
845 1060 1234 1126 Alexander
1299 1081 1457 1126 eum
1523 1060 1651 1126 hoc
1715 1082 1995 1126 munere
2040 1062 2308 1126 ornavit
2329 1060 2400 1144 ²),
2450 1061 2565 1126 sed
2613 1069 2769 1148 post

423 1170 798 1235 adventum
843 1168 987 1253 ejus
1032 1169 1104 1232 in
1151 1167 1639 1251 Macedoniam,
1692 1174 1934 1255 sponte
1979 1170 2274 1256 primum
2319 1167 2545 1235 locum
2568 1167 2769 1234 Anti-

421 1283 622 1364 patro
667 1276 867 1340 cessit
892 1273 963 1357 3).

515 1383 941 1469 Quamquam
979 1383 1274 1446 universi
1323 1381 1421 1447 illi
1460 1388 1752 1468 quatuor
1791 1384 2224 1469 magistratus
2247 1389 2504 1449 tutores
2529 1404 2768 1468 regum

424 1489 969 1578 appellabantur,
1019 1489 1316 1574 dignitas
1362 1488 1481 1553 illa
1528 1489 1711 1574 quod
1758 1490 1846 1554 ad
1893 1487 2248 1554 Craterum
2272 1491 2514 1554 attinet
2536 1489 2768 1576 paullo

423 1598 806 1663 distinctius
877 1602 1437 1661 commemoratur
1457 1595 1529 1678 4),
1601 1596 1783 1681 quod
1844 1596 1972 1662 hac
2033 1617 2105 1661 re
2150 1595 2545 1683 explicatur,
2588 1597 2770 1681 quod

421 1726 590 1769 cura
633 1703 963 1768 bonorum
1034 1708 1104 1767 et
1147 1704 1535 1789 patrimonii
1580 1704 1748 1788 regii
1809 1704 1869 1768 ei
1914 1704 2272 1769 commissa
2318 1709 2464 1768 erat
2483 1701 2554 1784 5).
2616 1703 2768 1767 Dis-

420 1813 766 1876 sensiones
811 1816 879 1874 et
925 1810 1167 1874 seditio
1210 1811 1519 1898 peditum
1539 1809 1719 1874 hanc
1742 1831 1884 1875 rem
1909 1816 2381 1893 mutaverunt3
2428 1809 2770 1895 Meleager

421 1918 764 1983 Leonnati
809 1915 956 1982 loco
1003 1916 1389 2003 hyparchus
1438 1916 1875 2005 (hipparchus
1900 1916 1952 1998 P)
1993 1915 2361 1981 chiliarcho
2411 1914 2769 2001 adjunctus

425 2030 553 2089 est.
648 2024 834 2103 Quae
899 2045 1006 2088 res
1076 2028 1306 2088 tamen
1374 2043 1624 2111 paucos
1710 2023 1853 2088 dies
1921 2024 2111 2087 stetit
2179 2030 2248 2087 et
2317 2021 2527 2088 finem
2590 2023 2771 2111 cepit

421 2137 644 2195 morte
688 2129 1034 2215 Meleagri.
1128 2128 1304 2194 Tum
1347 2150 1453 2195 res
1500 2129 1844 2195 stabiliore
1891 2129 2091 2195 modo
2137 2130 2545 2195 constitutae
2592 2135 2767 2195 sunt.

421 2235 784 2302 Perdiccas
854 2258 996 2302 sese
1066 2236 1510 2301 chiliarchatu
1557 2236 1915 2320 abdicavit,
1988 2246 2056 2301 et
2104 2236 2275 2301 nihil
2319 2237 2598 2301 retinuit
2641 2238 2773 2301 nisi

421 2343 706 2408 titulum
758 2343 1174 2430 ῃέπιμελητης
1221 2342 1609 2423 αὐτοκράτωρ
1656 2351 1767 2417 τῆς
1813 2343 2204 2420 βασιλείας,”
2297 2343 2661 2432 Antipater
2706 2349 2774 2407 et

423 2449 843 2534 Leonnatus,
894 2453 1008 2537 qui
1059 2457 1362 2516 ceterum
1432 2473 1610 2517 anno
1659 2451 1790 2516 322
1861 2452 2002 2515 acie
2045 2472 2279 2516 caesus
2318 2456 2439 2534 est,
2489 2450 2774 2537 posthac

423 2579 571 2622 non
617 2557 905 2644 amplius
945 2560 1123 2623 inter
1164 2564 1422 2624 tutores
1466 2579 1708 2644 regum
1752 2560 2205 2623 nominantur.
2255 2556 2640 2634 ἡέπιμέλεια
2664 2565 2773 2630 τῆς

424 2662 767 2743 βασιλείας
826 2687 1033 2752 penes
1094 2665 1262 2731 duos
1332 2665 1513 2732 viros
1579 2687 1825 2754 nempe
1869 2664 2262 2731 Perdiccam
2310 2670 2377 2729 et
2423 2662 2775 2729 Craterum

424 2773 707 2855 mansit3
773 2773 892 2837 sed
954 2773 1317 2839 Perdiccae
1385 2780 1738 2860 tamquam
1806 2772 2214 2838 autocratori
2236 2773 2286 2853 ὃ)
2353 2792 2614 2836 summa
2659 2792 2775 2859 po·

420 2886 638 2944 testas
683 2878 835 2962 fuit,
903 2879 1015 2944 hic
1063 2880 1360 2965 sigillum
1406 2880 1676 2969 imperii
1738 2881 2039 2962 retinuit,
2087 2885 2156 2943 et
2201 2900 2539 2943 summum
2590 2899 2773 2942 exer-

423 2989 603 3052 citus
671 2988 1048 3074 imperium.
1143 2987 1464 3053 Seleucus
1533 2994 1762 3053 autem
1831 2988 1890 3051 ei
1955 2986 2369 3074 hipparchus
2417 2983 2775 3071 adjunctus

481 3230 527 3298 1)
567 3230 632 3285 cf.
689 3247 799 3301 pag
870 3230 939 3284 86
994 3248 1120 3284 ann.
1178 3231 1225 3284 7.
1284 3230 1523 3300 Dexipp.
1559 3231 1624 3284 fr.
1671 3230 1716 3283 l.
1759 3233 1815 3283 et
1849 3230 1970 3283 Arr.
2011 3229 2042 3297 ξ
2079 3230 2127 3282 7.
2170 3229 2369 3285 Justin.
2411 3229 2500 3282 13.
2535 3230 2584 3282 4.
2629 3229 2679 3282 5.
2721 3231 2777 3282 et

427 3319 583 3373 Diod.
623 3319 705 3373 18.
742 3320 792 3372 3.
830 3319 879 3372 2.
920 3319 1211 3373 Thraciam
1248 3322 1545 3373 secernunt
1582 3336 1616 3373 a
1654 3318 1856 3372 finibus
1895 3317 2097 3385 quibus
2117 3318 2404 3385 Antipater
2423 3317 2776 3386 praepositus

423 3412 578 3476 erat;
613 3410 862 3477 profecto
907 3409 1011 3462 hac
1047 3409 1104 3461 in
1140 3425 1200 3462 re
1236 3407 1384 3462 facta
1424 3408 1599 3478 magis
1636 3424 1808 3475 quam
1844 3409 1936 3477 jus
1974 3409 2301 3474 sequuntur.
2353 3407 2593 3476 Vestigia
2631 3407 2776 3460 enim

423 3515 574 3565 quae
611 3498 912 3552 ostendunt
950 3497 1303 3566 Antipatrum
1331 3497 1498 3552 etiam
1537 3496 1803 3552 Thraciae
1842 3497 2008 3551 rebus
2047 3496 2359 3550 interfuisse
2398 3512 2509 3550 non
2547 3512 2777 3566 prorsus

424 3589 653 3643 desunt.
1463 3611 1464 3614 =

479 3675 531 3739 2)
571 3674 795 3730 Curtius
833 3675 916 3728 10.
958 3675 1005 3728 7.
1050 3675 1097 3729 9.
1140 3677 1208 3729 cf.
1247 3692 1371 3745 pag.
1411 3674 1496 3728 86.
1536 3691 1660 3728 ann.
1703 3675 1749 3726 7.

478 3764 527 3831 3)
557 3764 711 3818 Diod.
753 3764 836 3818 18.
877 3765 959 3817 16.
1000 3764 1048 3817 5.
1090 3767 1180 3813 τοῦ
1215 3764 1443 3826 πρωτείου
1483 3761 1851 3827 παραχωρήσας
1887 3761 2108 3820 ἑκουσίως
2146 3762 2475 3825 Ἀντιπάτρῳ.

478 3853 528 3921 4)
566 3855 633 3907 cf.
684 3854 883 3909 Justin.
938 3854 1022 3907 13.
1072 3854 1123 3905 2.
1175 3854 1243 3907 14
1280 3857 1337 3908 et
1388 3871 1513 3925 pag.
1569 3854 1639 3907 85
1697 3870 1823 3906 ann.
1864 3853 1915 3905 3.
1955 3869 2087 3906 cum
2130 3852 2363 3921 Dexipp.
2404 3852 2470 3906 fr.
2512 3852 2558 3905 1.
2598 3851 2689 3909 τῆν
2726 3849 2779 3901 δὲ

419 3940 707 4003 κηδεμονίαν
761 3940 847 3991 καῖ
896 3941 983 3998 ὅση
1032 3943 1307 4003 προστασία
1358 3946 1448 4000 τῆς
1498 3943 1761 4004 βασιλείας
1800 3941 2034 4004 Κράτερος
2070 3938 2316 4003 ἐπετράπη
2351 3939 2378 3991 ὃ
2414 3939 2469 3998 δὴ
2507 3939 2777 4003 πρώτιστον

417 4034 577 4092 τιμῆς
629 4028 772 4088 τέλος
828 4031 960 4092 παρὰ
1014 4029 1260 4081 Μακεδόσι
1318 4035 1374 4086 et
1424 4032 1545 4085 Arr.
1603 4032 1710 4097 §a
1770 4031 2003 4094 Κράτερος
2060 4030 2343 4092 προστάτης
2379 4034 2470 4090 τῆς
2506 4029 2774 4094 Ἀῤῥιδαίου

423 4120 712 4183 βασιλείας.

475 4209 528 4275 5)
563 4209 762 4264 Justin.
806 4211 887 4264 13.
936 4211 986 4263 4.
1025 4211 1075 4264 5.
1119 4212 1333 4282 „regiae
1367 4212 1636 4280 pecuniae
1675 4212 1930 4267 custodia
1967 4211 2196 4267 Cratero
2236 4211 2529 4266 traditur.’'

476 4298 525 4368 6)
565 4299 720 4353 Diod.
777 4298 860 4353 18.
917 4300 967 4353 2.
1023 4301 1073 4353 4.
1131 4304 1187 4354 et
1239 4301 1361 4354 Arr.
1400 4300 1433 4368 ἓ
1483 4301 1519 4353 3
1555 4301 1663 4355 hoc
1701 4301 1987 4370 epitheton
2024 4300 2190 4355 titulo
2231 4301 2350 4370 ejus
2388 4317 2500 4354 non
2537 4299 2778 4367 addunt;

426 4388 584 4457 quod
638 4392 829 4442 autem
879 4390 929 4443 ei
968 4390 1274 4445 debebatur
1311 4393 1468 4460 patet
1506 4407 1575 4443 ex
1611 4391 1730 4444 Arr.
1770 4390 1802 4458 ἓ
1838 4390 1889 4457 3,
1928 4393 1984 4444 et
2026 4407 2094 4443 ex
2130 4390 2238 4444 hac
2274 4407 2334 4444 re
2371 4406 2593 4457 quoque
2630 4387 2782 4455 quod

424 4493 720 4534 successor
759 4479 877 4546 ejus
914 4479 1204 4548 Antipater
1242 4479 1350 4533 hoc
1388 4478 1552 4533 titulo
1598 4478 1885 4548 praeditus
1923 4482 2057 4533 erat.
