3338 5350
1514 501 1641 567 145

434 709 529 763 a0.
576 697 708 763 313
753 696 1028 781 factam,
1074 720 1229 764 cum
1273 699 1554 786 insuper
1594 699 1668 763 id
1714 697 2047 786 imprimis
2071 699 2376 763 studeret
2397 705 2474 762 ut
2497 696 2766 764 decreto

425 827 546 870 suo
617 806 798 870 vires
871 828 1025 869 suas
1092 813 1375 890 augeret
1419 806 1490 870 et
1532 805 1605 870 in
1649 806 1947 892 Europa,
2009 805 2078 869 et
2121 806 2195 870 in
2239 806 2424 888 Asia,
2472 805 2770 870 amicitia

427 912 841 978 Graecorum
891 913 1077 977 nisus
1106 912 1179 997 ¹),
1227 912 1300 977 in
1344 919 1669 1000 promptu
1713 919 1817 978 est
1861 913 2188 999 suspicari
2210 934 2367 977 eum
2391 934 2529 978 non
2552 913 2771 978 solum

426 1026 774 1105 spectasse
811 1021 898 1085 ad
944 1019 1145 1085 urbes
1187 1020 1481 1085 Graecas
1525 1021 1598 1084 in
1642 1019 1939 1106 Europa,
1963 1020 2083 1085 ubi
2125 1041 2264 1085 non
2299 1020 2516 1105 magis
2565 1041 2770 1104 quam

426 1125 936 1213 Polysperchon
1006 1127 1370 1211 quicquam
1438 1123 1708 1191 efficere
1774 1127 2020 1213 potuit,
2086 1126 2218 1191 nisi
2289 1127 2469 1212 quod
2536 1127 2770 1191 turbas

425 1233 781 1296 intestinas
826 1232 1187 1315 excitabat,
1236 1233 1354 1296 sed
1400 1232 1731 1319 imprimis
1789 1232 1878 1296 ad
1923 1233 2123 1297 urbes
2165 1233 2393 1317 Asiae,
2429 1254 2596 1318 quas
2642 1234 2772 1298 sibi

428 1338 572 1403 sine
634 1337 843 1403 dubio
908 1337 1036 1403 hoc
1080 1338 1283 1403 modo
1346 1338 1558 1403 socias
1621 1344 1857 1403 contra
1899 1338 2196 1425 reliquos
2240 1346 2606 1426 praetoreS,
2653 1341 2772 1426 qui

428 1466 693 1532 semper
761 1466 994 1508 earum
1060 1443 1359 1508 libertati
1426 1445 1932 1527 insidiarentur,
1998 1452 2511 1533 comparaturus
2573 1454 2770 1513 esset.

426 1551 522 1615 Et
564 1558 850 1617 eventus
896 1552 1103 1616 etiam
1148 1551 1380 1616 docuit
1421 1551 1850 1637 Antigonum
1884 1552 2307 1640 propositum
2353 1574 2550 1616 suum
2597 1573 2774 1619 asse-

429 1663 661 1722 cutum
707 1679 872 1740 esse,
917 1679 1081 1721 nam
1125 1658 1197 1722 in
1243 1657 1422 1723 bello
1469 1658 1652 1742 quod
1684 1658 2066 1724 insecutum
2086 1664 2207 1742 est,
2256 1658 2455 1723 urbes
2499 1658 2771 1723 Ionicae

428 1764 796 1829 fidissimae
862 1765 1083 1829 sociae
1147 1765 1482 1850 Antigoni
1527 1763 1752 1830 factae
1799 1772 1981 1848 sunt,
2054 1765 2167 1831 vel
2212 1763 2423 1830 classe
2469 1766 2531 1830 ei
2575 1788 2775 1853 opem

432 1871 736 1936 tulerunt
762 1871 833 1953 2).
923 1871 1165 1957 Neque
1239 1873 1463 1936 minus
1550 1871 1942 1958 Antigonus
2010 1894 2051 1937 a
2120 1895 2242 1937 sua
2306 1879 2501 1960 parte
2567 1873 2776 1937 fidem

429 1980 746 2043 servavit.
854 1977 1088 2064 Usque
1179 1979 1266 2043 ad
1350 2000 1657 2065 pugnam
1744 1980 1927 2067 apud
2012 1980 2249 2067 Ipsum
2305 1980 2506 2044 urbes
2567 1979 2773 2044 Asiae

431 2083 710 2150 Minoris
750 2083 1003 2149 liberae
1047 2091 1464 2168 manserunt,
1489 2088 1879 2151 autonomia
1900 2092 1969 2151 et
1992 2087 2130 2151 suis
2153 2086 2485 2151 institutis
2524 2085 2775 2151 fruitae

432 2198 590 2256 sunt
618 2191 694 2276 3).
764 2191 909 2256 Has
978 2191 1063 2256 ob
1131 2214 1366 2257 causas
1425 2193 1652 2280 potius
1713 2192 2016 2258 virorum
2062 2194 2415 2259 doctorum
2457 2194 2661 2258 Niese
2705 2200 2775 2257 et

431 2298 639 2364 Helm
704 2298 1139 2385 opinionibus
1209 2299 1718 2364 assentiendum
1780 2300 2056 2365 videtur
2100 2322 2306 2385 quam
2349 2299 2660 2386 Droysen
2708 2306 2777 2364 et

433 2403 748 2469 Graebler.

517 2512 628 2577 Ab
714 2511 929 2577 altera
1013 2519 1210 2599 parte
1278 2512 1730 2597 Ptolemaeus,
1804 2514 2037 2579 audito
2107 2514 2377 2579 decreto
2442 2513 2778 2599 Antigoni

430 2619 646 2684 simile
714 2619 1060 2685 decretum
1106 2619 1325 2686 edidit
1349 2620 1424 2704 4),
1472 2627 1549 2685 ut
1592 2620 2056 2708 intelligerent
2099 2619 2420 2687 Hellenes
2467 2620 2591 2686 sibi
2636 2641 2777 2687 non

430 2727 655 2791 minus
724 2748 958 2793 eorum
994 2726 1382 2792 libertatem
1428 2729 1612 2793 cordi
1662 2750 1807 2793 esse
1850 2751 2057 2815 quam
2101 2728 2472 2814 Antigono.
2517 2728 2777 2793 Tamen

432 2832 858 2898 Ptolemaeus
881 2834 1167 2921 perinde
1191 2855 1269 2900 ac
1292 2834 1678 2921 Antigonus
1696 2836 1783 2900 ad
1799 2833 1972 2900 nihil
1997 2834 2181 2900 aliud
2197 2834 2551 2922 spectavit,
2569 2857 2777 2922 quam

432 2949 511 3004 ut
555 2940 681 3005 sibi
727 2947 1155 3028 compararet
1204 2943 1678 3013 auctoritatem
1721 2943 1795 3006 in
1839 2942 2133 3007 Graecia
2176 2943 2250 3006 in
2286 2941 2564 3029 Europa
2576 2941 2778 3026 juxta

433 3044 910 3131 Cassandrum,
959 3048 1139 3133 quod
1184 3054 1378 3134 patet
1424 3070 1462 3112 e
1505 3047 1706 3112 rebus
1756 3047 1842 3113 ab
1892 3069 1969 3114 eo
2013 3047 2155 3113 illic
2196 3054 2434 3135 postea
2468 3049 2698 3133 gestis,
2739 3069 2776 3112 e

434 3156 698 3240 magnis
765 3157 959 3219 donis
1028 3154 1272 3240 quibus
1321 3154 1589 3220 Thebas
1634 3156 1736 3221 bis
1785 3156 2068 3221 donavit
2093 3155 2166 3239 ⁵),
2216 3177 2300 3219 ex
2335 3157 2777 3242 occupatione

436 3259 741 3327 Corinthi
810 3268 878 3327 et
941 3260 1249 3347 Sicyonis
1298 3264 1459 3327 anni
1508 3261 1658 3328 308.
1708 3263 1852 3327 Nec
1896 3270 2129 3326 tamen
2174 3262 2318 3347 ejus
2362 3285 2489 3347 res,
2539 3264 2775 3329 eodem

434 3367 635 3433 modo
701 3388 838 3454 quo
883 3367 1236 3453 Antigoni,
1280 3365 1597 3433 ferebant
1644 3374 1719 3432 ut
1767 3389 2002 3433 veram
2047 3367 2435 3432 libertatem
2482 3367 2774 3449 afferret,

434 3497 680 3563 nempe
741 3475 1092 3562 praesidiis
1141 3476 1614 3540 auctoritatem
1660 3497 1854 3540 suam
1896 3473 2218 3539 firmavit.
2266 3475 2506 3560 Neque
2558 3476 2778 3560 magis

432 3581 608 3646 ratio
676 3582 855 3646 inter
920 3580 1373 3646 Cassandrum
1442 3588 1513 3645 et
1559 3580 1814 3646 socium
1861 3588 2003 3661 ejus
2039 3580 2376 3666 Lagidem
2417 3582 2778 3668 perspicua

434 3693 553 3772 est,
623 3688 768 3752 fieri
836 3695 1069 3753 tamen
1139 3708 1281 3754 non
1340 3689 1561 3775 potuit
1633 3693 1713 3751 ut
1779 3687 1879 3751 illi
1950 3708 2058 3751 res
2117 3694 2352 3773 gestae
2396 3688 2775 3753 Ptolemaei

487 3908 533 3971 1)
571 3909 731 3963 Diod.
774 3909 856 3961 19.
894 3910 981 3964 62.
1003 3909 1052 3962 2.
1090 3910 1161 3959 Οὐ
1201 3910 1299 3971 ’γὰρ
1335 3909 1512 3971 μικρὸν
1549 3907 1694 3970 ῥοπὴν
1731 3908 1924 3970 δρῶντες
1959 3905 2106 3959 οὖσαν
2143 3906 2357 3971 ἑκάτεροι
2395 3910 2775 3970 (Ptolemaeus

438 4000 492 4050 et
530 3998 860 4069 Antigonus)
897 3996 1269 4060 προσλαβέσθαι
1308 3997 1399 4053 τὴν
1434 4002 1530 4046 τῶν
1567 3994 1812 4054 Ἑλλήνων
1830 3995 2030 4056 εὔνοιαν,
2052 3996 2380 4059 διημιλλῶντο
2397 4000 2511 4060 πρὸς
2531 3998 2776 4058 ἀλλήλους

437 4085 545 4148 περὶ
579 4089 670 4143 τῆς
707 4087 778 4144 εἷς
812 4084 1016 4144 τούτους
1050 4085 1342 4149 εὐεργεσίας.

490 4176 538 4239 2)
574 4175 813 4231 Gaebler
847 4194 898 4245 p.
940 4176 1026 4230 18.

490 4263 537 4333 3)
575 4265 773 4334 DroyS.
812 4265 862 4318 2.
903 4265 952 4318 2.
996 4265 1116 4319 227.

488 4352 539 4420 4)
576 4353 736 4407 Diod.
777 4353 859 4406 19.
899 4354 985 4408 62.
1024 4355 1071 4407 1.

491 4441 540 4511 5)
577 4442 819 4496 Dittenb.
862 4443 978 4496 176.

2495 4544 2564 4599 10
