3338 5350
1756 553 1844 616 54

627 754 899 839 privata
942 757 1366 816 reservatum
1412 756 1575 833 erat,
1622 749 2106 817 Macedonibus
2130 752 2310 815 enim
2330 750 2443 836 jus
2465 752 2963 838 provocationis

630 859 716 924 ad
785 880 1016 945 regem
1086 859 1321 923 datum
1390 863 1553 923 erat.
1625 855 1809 923 Civis
1879 858 1995 944 qui
2062 865 2464 946 provocaret
2532 860 2676 946 ipse
2732 879 2964 944 regem

632 966 850 1032 adiret
895 964 1214 1052 oportuit,
1260 982 1366 1029 res
1405 962 1671 1029 ferebat
1708 971 1786 1029 ut
1829 986 1949 1030 rex
1992 965 2190 1030 certis
2237 965 2655 1052 temporibus
2701 964 2962 1030 aditum

629 1074 717 1138 ad
765 1095 834 1138 se
883 1073 1076 1138 daret
1122 1092 1256 1158 quo
1296 1071 1509 1137 libelli
1562 1094 1602 1137 a
1648 1071 2065 1159 supplicibus
2113 1072 2175 1136 ei
2220 1071 2400 1137 tradi
2429 1076 2723 1160 possent,
2749 1072 2964 1137 cuivis

629 1178 763 1244 civi
810 1201 846 1243 e
896 1179 1135 1264 quavis
1180 1184 1375 1266 parte
1420 1180 1617 1263 regni
1661 1200 1818 1244 eum
1866 1183 2030 1243 tunc
2077 1179 2264 1244 adire
2307 1178 2534 1263 licuit3
2588 1179 2692 1244 sin
2739 1185 2966 1244 autem

630 1286 894 1373 copiam
938 1307 1057 1352 rex
1100 1308 1239 1352 non
1284 1287 1497 1370 daret,
1546 1292 1710 1350 tunc
1769 1293 2036 1372 tempus
2100 1287 2602 1352 observandum
2649 1292 2794 1351 erat
2834 1309 2965 1372 quo

626 1415 746 1458 rex
790 1393 863 1457 in
907 1391 1259 1481 publicum
1303 1393 1627 1480 prodiret,
1668 1399 1748 1457 ut
1791 1391 1856 1457 ei
1877 1392 2006 1458 1100
2049 1393 2251 1458 1110ᾶο
2275 1392 2494 1458 libelli
2517 1393 2964 1458 traderentur.

627 1499 734 1565 Ad
807 1500 985 1565 hanc
1054 1522 1199 1565 rem
1264 1499 1563 1588 pertinet
1627 1499 2338 1593 Ρ11113ει101111131101110
2407 1500 2493 1565 de
2561 1501 2762 1567 modo
2833 1523 2966 1586 quo

626 1607 1012 1673 Demetrius
1085 1607 1513 1689 PoliorceteS,
1590 1629 1746 1672 cum
1812 1629 1932 1672 rex
1996 1607 2438 1674 Macedoniae
2501 1607 2722 1674 factus
2770 1615 2964 1693 esset,

626 1716 804 1781 hanc
847 1737 992 1780 rem
1030 1714 1422 1800 neglexerit.
1472 1713 1645 1780 Cum
1691 1715 2058 1801 aliquando
2100 1715 2174 1779 in
2212 1715 2562 1803 publicum
2606 1723 2965 1804 provectus

627 1829 817 1907 esset,
866 1822 1067 1887 multi
1105 1821 1318 1887 libelli
1365 1823 1426 1887 ei
1463 1821 1702 1887 traditi
1741 1828 1916 1905 sunt,
1966 1843 2133 1909 quos
2195 1823 2457 1911 accepit
2504 1824 2797 1910 quidem,
2847 1824 2964 1889 sed

625 1930 851 1996 taedio
899 1930 1141 1995 ductus
1197 1929 1271 1994 in
1330 1929 1585 1995 Axium
1645 1927 1891 2015 dejecit
1917 1929 1988 2013 1).
2082 1929 2488 1995 Plutarchus
2536 1930 2772 1997 eodem
2818 1930 2965 1997 loco

624 2035 801 2101 hanc
844 2059 989 2102 rem
1035 2037 1352 2103 distincte
1398 2043 1476 2102 ut
1518 2042 1788 2124 partem
1819 2035 2310 2122 jurisdictionis
2357 2038 2502 2124 regi
2543 2038 2964 2103 commissam

624 2145 952 2211 nominat.
1045 2143 1343 2211 Comitas
1390 2149 1459 2210 et
1503 2142 1725 2209 facilis
1774 2144 1997 2210 aditus
2067 2166 2269 2229 quem
2314 2143 2675 2232 Philippus
2720 2145 2793 2210 II
2837 2144 2963 2210 hac

624 2252 956 2341 imprimis
1018 2252 1092 2317 in
1136 2273 1208 2318 re
1268 2250 1532 2318 civibus
1578 2251 1714 2316 suis
1784 2252 2144 2338 praestitit,
2233 2251 2296 2316 ei
2364 2273 2663 2317 amorem
2726 2251 2965 2340 populi

623 2365 1039 2449 paraverunt
1066 2360 1136 2443 2).

711 2467 818 2532 De
856 2466 1329 2553 jurisdictione
1395 2467 1469 2531 in
1533 2467 1734 2532 rebus
1805 2465 2209 2554 capitalibus
2283 2466 2411 2531 hoc
2468 2466 2709 2532 saltem
2770 2466 2962 2531 nobis

627 2580 930 2663 apparet,
1001 2574 1183 2661 quod
1250 2596 1472 2659 neque
1540 2595 1621 2639 ea
1666 2573 1740 2637 in
1805 2595 1879 2638 re
1922 2574 2070 2660 regi
2116 2595 2316 2659 agere
2360 2572 2553 2639 licuit
2596 2580 2961 2660 utcumque

625 2683 755 2748 sibi
798 2682 1074 2770 placuit.
1167 2681 1504 2768 Exempla
1565 2687 1837 2769 praesto
1906 2686 2064 2745 sunt
2122 2679 2427 2746 homines
2472 2680 2766 2746 illustres
2811 2703 2961 2767 gra-

626 2789 887 2854 vissimi
932 2788 1235 2853 criminis
1284 2795 1628 2854 accusatos
1675 2809 1716 2852 a
1760 2808 1920 2874 rege
1964 2787 2038 2851 in
2075 2788 2188 2873 jus
2235 2793 2510 2853 vocatos
2557 2793 2625 2852 et
2669 2788 2743 2852 in
2788 2810 2962 2854 noxa

626 2916 768 2960 esse
814 2902 1209 2982 compertOS,
1257 2916 1384 2960 nec
1428 2901 1660 2960 tamen
1705 2894 1792 2959 ab
1841 2915 1919 2960 eo
1966 2894 2341 2978 damnatOS,
2390 2895 2506 2960 sed
2552 2895 2628 2959 in
2671 2916 2960 2960 conven-

622 3008 773 3066 tum
841 3002 1095 3067 civium
1162 3001 1487 3067 abductos
1556 3023 1721 3066 esse.
1837 3000 1913 3066 Si
1979 3006 2211 3065 tamen
2277 3000 2405 3066 hoc
2473 3002 2548 3066 in
2622 3009 2963 3067 conventu

624 3129 891 3196 quoque
939 3108 1139 3196 culpa
1184 3130 1452 3173 reorum
1489 3106 1853 3173 manifesta
1900 3107 2128 3191 fiebat,
2168 3114 2316 3173 tum
2360 3108 2429 3173 in
2458 3108 2608 3196 ipsa
2653 3109 2963 3175 contione

622 3215 964 3304 lapidibus
1012 3215 1237 3281 obruti
1285 3236 1468 3280 more
1512 3214 1737 3303 patrio
1764 3237 1804 3280 a
1833 3215 2097 3281 civibus
2123 3215 2257 3281 suis
2283 3215 2864 3282 interficiebantur
2889 3216 2957 3301 3).

623 3323 823 3389 Actio
892 3328 1127 3387 contra
1196 3322 1541 3407 Philotam
1610 3321 2055 3388 clarissimum
2120 3322 2322 3409 hujus
2411 3324 2511 3388 rei
2580 3325 2962 3412 exemplum

625 3436 728 3495 est
753 3430 820 3509 4).
869 3429 999 3495 Vel
1045 3429 1286 3517 culpae
1332 3429 1492 3495 socii
1537 3435 1616 3494 ut
1660 3429 2050 3495 Alexander
2091 3430 2451 3516 Lyncestis
2492 3436 2559 3496 et
2602 3431 2960 3497 Parmenio

624 3561 664 3603 a
708 3559 868 3623 rege
937 3557 1075 3601 non
1130 3537 1558 3620 damnantur,
1624 3537 1756 3602 nisi
1826 3537 2059 3603 audita
2130 3539 2448 3604 concione
2496 3539 2769 3623 civium,
2809 3562 2962 3605 cum

625 3643 741 3708 alii
803 3666 843 3707 a
901 3643 1103 3731 plebe
1172 3643 1612 3709 absolvantur
1636 3643 1705 3724 ⁵).
1798 3644 2021 3710 Multa
2089 3651 2317 3710 autem
2384 3647 2696 3735 exempla
2761 3645 2959 3734 hujus

671 3973 719 4036 1)
757 3973 902 4027 Plut.
942 3973 1182 4027 Demetr.
1224 3974 1309 4026 42.

671 4062 719 4126 2)
758 4062 892 4116 Ibid.

672 4151 716 4217 3)
755 4151 905 4206 Curt.
945 4152 994 4206 7.
1028 4152 1077 4205 2.
1119 4152 1177 4216 13
1217 4152 1271 4207 6.
1310 4152 1392 4206 11.
1433 4151 1519 4205 38.

671 4239 716 4308 4)
755 4240 915 4295 Curt.
949 4241 1000 4294 6.
1035 4241 1086 4295 8.
1125 4241 1210 4294 23.
1250 4241 1459 4295 Arrian.
1497 4241 1546 4299 3.
1587 4242 1672 4296 26.
1711 4243 1760 4295 3.

670 4328 717 4392 5)
755 4329 894 4383 Diod
932 4330 1015 4384 17.
1053 4330 1137 4384 80.
1178 4330 1225 4383 1.
1268 4332 1322 4384 et
1359 4330 1407 4382 2.
1454 4329 1681 4385 Curtius
1720 4331 1768 4385 7.
1809 4332 1855 4385 1.
1895 4331 1958 4397 5;
1999 4332 2046 4384 7.
2088 4333 2136 4385 2.
2177 4332 2225 4383 7.

669 4416 715 4485 6)
753 4418 907 4472 Diod.
944 4418 1030 4473 18.
1068 4419 1154 4472 37.
1193 4418 1241 4470 2.
1281 4419 1491 4473 Arrian.
1532 4420 1580 4472 4.
1620 4420 1705 4474 14.
1742 4420 1791 4474 3.
1834 4419 1985 4474 Curt.
2026 4420 2074 4473 6.
2115 4420 2163 4474 9.
2208 4421 2291 4473 24.
2331 4421 2519 4491 Nepos
2555 4422 2788 4477 Eumen.
2832 4423 2882 4477 5.
2905 4429 2951 4476 1.

624 4506 813 4577 Polyb.
853 4509 900 4561 5.
941 4509 1025 4561 27.
1064 4507 1127 4570 5;
1165 4507 1213 4560 5.
1257 4507 1341 4560 29.
1380 4508 1429 4561 6.
