3338 5350
1543 539 1669 604 159

429 744 577 804 erat
643 739 715 801 in
783 735 1187 802 Macedonia
1234 742 1302 799 et
1347 735 1653 815 Graecia,
1722 734 1889 800 haec
1935 735 2162 800 omnia
2206 757 2450 802 causae
2492 735 2769 801 fuerunt

430 846 742 910 interitus
790 843 954 928 ejuS.
1046 843 1226 908 Nam
1286 843 1686 907 necessitate
1746 842 1963 907 coacti
2019 842 2260 928 reliqui
2306 865 2500 928 reges
2545 843 2769 908 Ptole-

431 974 681 1035 maeus,
756 950 1201 1037 Lysimachus
1263 955 1331 1014 et
1399 947 1720 1014 Seleucus
1789 969 1932 1012 sese
1998 969 2153 1013 cum
2203 949 2468 1034 Pyrrho
2537 955 2773 1014 contra

435 1081 591 1124 eum
636 1058 1152 1143 conjunxerunt.

523 1165 824 1251 Pyrrhus
899 1172 967 1229 et
1033 1163 1476 1249 Lysimachus
1545 1185 1585 1226 a
1645 1163 1907 1228 duabus
1951 1163 2256 1250 partibus
2301 1162 2774 1229 Macedoniam

432 1274 849 1354 invaserunt,
921 1271 1253 1336 Demetrii
1322 1272 1648 1335 exercitus
1720 1270 1807 1334 ad
1873 1269 2216 1355 Pyrrhum
2282 1271 2568 1354 transiit,
2629 1270 2775 1358 ipse

434 1402 556 1444 rex
621 1378 789 1464 fuga
857 1378 1145 1443 salutem
1209 1384 1441 1464 petere
1508 1385 1800 1461 coactus,
1872 1378 1947 1442 in
2014 1377 2371 1443 Graeciam
2433 1379 2520 1443 ad
2558 1378 2775 1442 filium

435 1486 880 1572 Antigonum,
929 1486 1047 1571 qui
1091 1484 1233 1549 illic
1277 1485 1478 1550 rebus
1523 1483 1844 1571 praefuit,
1869 1506 1940 1549 se
1965 1485 2269 1549 contulit.
2317 1484 2457 1550 Ubi
2479 1485 2777 1572 primum

437 1615 517 1658 eo
563 1593 862 1677 advenit,
910 1591 1219 1657 Thebani
1266 1593 1349 1657 ab
1399 1613 1478 1657 eo
1524 1592 1596 1656 in
1641 1592 2030 1656 libertatem
2074 1592 2370 1657 restituti
2396 1598 2572 1674 sunt,
2621 1612 2777 1655 cum

433 1700 885 1765 Athenienses
932 1705 1145 1764 semet
1181 1700 1362 1786 ipsos
1398 1698 1801 1781 liberarent3
1828 1699 2168 1786 praesidia
2192 1698 2523 1763 Demetrii
2547 1705 2777 1763 autem

435 1809 510 1872 in
554 1809 815 1891 Piraeo,
886 1805 1296 1892 Munychias
1367 1813 1435 1871 et
1479 1806 1803 1871 Eleusine
1862 1814 2274 1872 manserunt.
2366 1805 2546 1870 Pace
2591 1805 2777 1871 facta

435 1916 616 1980 inter
661 1913 1082 1979 Demetrium
1129 1921 1199 1978 et
1241 1914 1584 1999 Pyrrhum
1629 1913 1744 1979 hic
1788 1935 1906 1978 rex
1949 1913 2390 1979 Macedoniae
2429 1912 2650 1978 factus
2677 1922 2779 1979 est

438 2031 551 2104 (ao.
598 2023 778 2107 287),
848 2023 967 2087 sed
1037 2019 1238 2086 simul
1304 2021 1632 2087 concessit
1694 2022 2038 2086 Demetrio
2085 2021 2506 2086 Thessaliam
2552 2030 2620 2086 et
2663 2043 2776 2087 eas

436 2131 638 2196 urbes
707 2130 1034 2196 Graeciae
1100 2151 1269 2215 quas
1342 2128 1564 2193 adhuc
1629 2129 2029 2215 possideret,
2094 2127 2503 2213 Lysimacho
2550 2137 2778 2194 autem

441 2237 629 2302 dedit
675 2237 983 2322 regiones
1027 2236 1206 2300 inter
1254 2234 1688 2320 Strymonem
1734 2242 1804 2299 et
1847 2236 2133 2300 Nestum
2170 2236 2471 2300 flumina.
2521 2236 2778 2300 Tamen

438 2344 824 2411 Demetrius
884 2343 1031 2427 jam
1098 2363 1254 2406 mox
1321 2362 1465 2406 sese
1531 2341 1606 2406 in
1667 2343 1904 2407 Asiam
1974 2341 2280 2407 conferre
2340 2349 2610 2408 coactus
2655 2349 2778 2426 est,
2842 2420 2849 2423 ⁴

437 2451 558 2517 ubi
605 2472 782 2516 anno
826 2449 957 2514 285
996 2449 1308 2535 captivus
1354 2448 1576 2513 factus
1626 2471 1666 2512 a
1713 2447 1993 2515 Seleuco
2038 2450 2112 2513 in
2157 2451 2464 2515 custodia
2507 2450 2781 2515 habitus

440 2565 560 2642 est,
607 2580 820 2643 usque
867 2557 954 2621 ad
1004 2578 1258 2621 annum
1296 2556 1448 2639 282,
1474 2578 1630 2620 cum
1653 2556 1838 2621 diem
1870 2579 2258 2644 supremum
2282 2557 2470 2622 obiit.
2520 2539 2780 2622 Titulos

441 2688 594 2732 suos
625 2664 771 2751 jam
819 2670 1021 2729 antea
1066 2663 1205 2730 filio
1251 2685 1372 2729 suo
1418 2648 1770 2749 Antigono
1808 2672 2228 2730 concesserat
2254 2665 2320 2740 ¹).

529 2774 901 2858 Postquam
969 2773 1355 2836 Demetrius
1425 2793 1570 2836 sese
1636 2774 1708 2836 in
1777 2772 2016 2837 Asiam
2082 2773 2405 2856 contulit,
2477 2772 2780 2859 Pyrrhus

440 2879 641 2945 urbes
689 2878 1107 2944 Thessalicas
1177 2878 1585 2964 Lysimacho
1660 2887 1931 2945 auctore
1991 2880 2078 2945 ad
2125 2879 2577 2945 defectionem
2622 2880 2783 2944 inci-

440 2991 637 3069 tavit,
685 2986 827 3053 sola
872 2986 1249 3050 Demetrias
1297 3008 1440 3050 sese
1487 2992 1723 3051 contra
1767 2987 2122 3074 Epirotam
2171 2986 2491 3052 sustinuit
2511 2988 2586 3071 2).

534 3093 668 3160 Sed
761 3091 1065 3179 Pyrrhus
1134 3092 1619 3157 Macedonibus
1685 3114 1907 3179 neque
1973 3095 2191 3180 magis
2264 3100 2578 3182 acceptus
2638 3101 2785 3160 erat

443 3225 649 3289 quam
716 3201 1121 3284 DemetriUS,
1195 3200 1363 3265 adeo
1432 3207 1510 3265 ut
1572 3199 1720 3284 jam
1789 3202 2098 3286 sequenti
2160 3223 2337 3267 anno
2406 3203 2558 3284 286,
2628 3222 2782 3267 cum

442 3309 889 3395 Lysimachus
955 3329 1243 3393 regnum
1314 3306 1459 3391 ejus
1530 3309 2033 3393 aggrederetur,
2075 3307 2277 3374 facile
2321 3307 2556 3395 pulsus
2601 3309 2689 3372 sit
2711 3307 2781 3391 3).

442 3415 889 3503 Lysimachus
938 3420 1166 3478 autem
1191 3414 1660 3479 Macedoniam
1685 3415 1970 3502 imperio
1997 3437 2114 3480 suo
2141 3415 2474 3501 adjunxit.
2522 3415 2785 3480 Eodem

442 3525 644 3589 modo
694 3545 826 3610 quo
873 3520 1292 3603 Macedonia,
1342 3519 1692 3586 Thessalia
1736 3544 2005 3609 quoque
2044 3529 2326 3610 excepta
2349 3520 2786 3588 Demetriade

442 3648 653 3711 regno
698 3627 1091 3712 Lysimachi
1139 3627 1462 3713 adjuncta
1509 3634 1643 3711 est3
1690 3629 1747 3693 is
1788 3629 2066 3716 insuper
2111 3651 2267 3695 cum
2313 3628 2571 3696 Aetolis
2620 3629 2784 3694 ami-

445 3734 606 3799 citia
652 3735 1050 3820 conjunctus
1099 3743 1264 3819 erat,
1317 3735 1505 3821 cujus
1551 3738 1650 3800 rei
1698 3735 2179 3802 documentum
2241 3744 2341 3802 est
2382 3736 2544 3802 urbs
2590 3736 2785 3822 Lysi-

444 3841 711 3906 machia
754 3843 830 3907 in
873 3848 1069 3929 parte
1130 3840 1551 3908 Occidentali
1612 3841 1928 3908 Aetoliae
1974 3844 2267 3928 condita,
2317 3866 2491 3930 quae
2536 3865 2787 3908 nomen

447 3971 489 4013 a
532 3970 692 4033 rege
742 3949 1002 4037 accepit
1024 3949 1090 4030 4).

498 4217 547 4283 1)
583 4218 728 4273 Plut.
768 4219 924 4273 Dem.
959 4219 1045 4272 51.

503 4308 549 4374 2)
586 4310 730 4362 Plut.
772 4309 969 4379 Pyrrh.
1009 4309 1089 4362 12.

498 4396 547 4463 3)
584 4398 733 4452 Plut.
771 4398 965 4468 Pyrrh.
1007 4398 1089 4451 12.
1129 4397 1398 4460 ἀποβαλὼν
1435 4396 1737 4449 Μακεδονίαν
1773 4396 1807 4462 ᾧ
1837 4402 1997 4464 τρόπῳ
2035 4397 2314 4462 παρέλαβεν
2351 4401 2514 4455 Paus.
2555 4403 2605 4455 1.
2628 4403 2710 4456 10.
2735 4401 2784 4455 2.

497 4486 543 4555 4)
586 4489 777 4554 Polyb.
818 4488 867 4540 5.
909 4488 955 4539 7.
997 4488 1043 4539 7.
1082 4488 1196 4543 Liv.
1231 4489 1316 4542 36.
1359 4489 1438 4542 11.
1480 4489 1528 4542 7.
1569 4489 1772 4544 Strabo
1809 4490 1928 4543 460.
1968 4490 2215 4555 Droysen
2252 4489 2302 4542 3.
2343 4490 2391 4542 2.
2432 4490 2555 4544 327.
