3338 5350
1293 1397 1820 1473 CAPUT
1930 1396 2049 1472 IV.

1008 1852 1109 1934 De
1168 1872 1391 1953 regno
1450 1850 1860 1934 cassandri
1938 1850 2362 1933 316-297.
2468 1875 2473 1878 ·

829 2270 869 2348 ἓ
912 2265 960 2333 1.
1027 2264 1114 2333 ue
1160 2262 1386 2332 finibus
1431 2262 1607 2348 renni
1655 2261 2077 2347 Haemonion
2125 2261 2204 2330 de
2252 2262 2509 2330 urbibus

1271 2396 1310 2447 a
1357 2377 1723 2449 cassandro
1775 2377 2066 2446 conditis.

591 2594 964 2683 Imperium
1031 2592 1544 2660 Macedonicum
1609 2615 1788 2659 anno
1834 2593 1965 2658 316
2029 2593 2431 2659 dissolutum
2477 2600 2597 2679 est,
2647 2616 2844 2661 omne

503 2702 852 2768 vinculum
919 2703 1097 2789 quod
1144 2703 1448 2767 diversas
1515 2708 1745 2789 partes
1791 2702 2060 2789 imperii
2104 2702 2177 2766 in
2224 2724 2436 2766 unum
2482 2702 2847 2788 cohiberet,

501 2808 926 2875 confractum
995 2815 1115 2893 est,
1185 2809 1258 2873 in
1328 2810 1641 2873 universo
1719 2813 2042 2896 satrapeS,
2125 2808 2474 2894 Antigono
2545 2817 2845 2897 excepte,

504 2939 647 2982 sese
693 2917 1022 2982 sustinere
1067 2922 1401 2982 conantur
1443 2923 1798 3002 tamquam
1844 2917 2183 3004 principes
2231 2917 2653 2982 diversorum
2696 2939 2847 3003 reg-

500 3044 762 3088 norum.
856 3022 1054 3087 Hanc
1101 3022 1187 3088 ob
1233 3045 1377 3087 rem
1426 3024 1629 3087 etiam
1693 3020 2073 3088 Cassander
2131 3024 2293 3088 inde
2340 3023 2425 3088 ab
2472 3025 2600 3090 hoc
2648 3046 2846 3107 anno,

503 3130 851 3197 exstinctis
920 3129 1303 3217 praecipuis
1375 3129 1651 3218 imperii
1696 3129 2274 3217 competitoribus,
2324 3128 2732 3219 Olympiade
2781 3138 2849 3196 et

501 3238 864 3323 Eurydice,
909 3259 1065 3302 cum
1103 3235 1332 3302 infans
1378 3237 1789 3320 Alexander,
1838 3236 2030 3302 heres
2076 3237 2343 3324 imperii
2391 3237 2732 3323 legitimus
2780 3245 2849 3303 et

503 3350 721 3410 mater
768 3343 911 3430 ejus
957 3343 1445 3432 Amphipolide
1491 3345 1566 3408 in
1609 3350 1949 3431 potestate
1994 3344 2139 3429 ejus
2186 3351 2426 3428 essent,
2498 3352 2846 3430 tamquam

503 3452 817 3539 princeps
866 3452 1307 3519 Macedoniae
1352 3451 1881 3517 considerandus
1929 3457 2049 3515 est.

591 3558 1079 3676 Praeterquam
1151 3560 1332 3645 quod
1401 3559 1721 3643 regnavit
1802 3559 1873 3622 in
1940 3559 2086 3645 ipso
2157 3578 2319 3644 agro
2388 3558 2845 3640 MacedonicO,

507 3667 867 3731 auctoritas
915 3664 1058 3749 ejus
1105 3666 1312 3729 etiam
1359 3664 1594 3750 agnita
1641 3670 1740 3729 est
1785 3664 1858 3728 in
1904 3664 2222 3749 Paeonia,
2266 3685 2532 3752 semper
2576 3663 2850 3730 foedere

506 3770 868 3857 conjuncta
936 3792 1091 3836 cum
1158 3770 1578 3852 Macedonia,
1650 3771 1722 3834 in
1790 3770 2002 3858 Epiro
2063 3771 2181 3835 ubi
2226 3772 2588 3860 Lyciscam
2633 3793 2852 3858 nuper

505 3879 781 3943 summis
849 3878 1049 3943 rebus
1118 3876 1467 3965 praefecit,
1539 3878 1609 3942 in
1659 3877 1976 3942 universa
2022 3876 2165 3943 fere
2213 3880 2520 3963 Graecia,
2569 3886 2852 3965 excepta

502 3982 792 4066 Aetolia,
843 4005 1019 4070 quae
1063 3984 1252 4067 regio
1297 3990 1544 4050 natura
1585 3985 1687 4049 ita
1730 3984 1997 4076 munita
2034 3992 2198 4071 erat,
2239 3992 2317 4051 ut
2332 3985 2589 4053 feroces
2612 3991 2852 4071 gentes

504 4090 643 4156 illic
726 4091 917 4155 sedes
986 4090 1313 4156 habentes
1383 4090 1586 4157 facile
1631 4091 2021 4158 libertatem
2067 4115 2261 4159 suam
2304 4093 2655 4158 vindicare
2698 4113 2851 4179 pos-

505 4203 673 4280 sent,
724 4204 792 4261 et
837 4197 1082 4283 exigua
1125 4204 1320 4285 parte
1369 4198 1844 4286 Peloponnesi,
1892 4199 2012 4263 ubi
2048 4198 2644 4287 Polysperchontis
2668 4197 2850 4262 filius

505 4303 899 4369 Alexander
952 4326 1095 4369 sese
1144 4304 1481 4369 sustinuit.
2531 4380 2536 4385 ‚

595 4410 779 4475 Ante
848 4411 1077 4476 omnia
1146 4410 1280 4475 alia
1349 4432 1567 4476 novus
1627 4411 1946 4499 princeps
2015 4412 2086 4476 id
2159 4413 2494 4479 studuisse
2526 4450 2531 4453 ·
2560 4411 2853 4495 videtur,
