3338 5350
1349 520 1558 598 '97

348 733 417 797 in
476 732 678 799 rebus
724 732 933 815 gestis
979 738 1121 796 tam
1166 737 1401 797 contra
1445 731 1888 817 Antigonum,
1939 752 2139 816 quam
2181 738 2418 796 contra
2460 727 2686 796 Ptole-

349 862 634 905 maeum.
706 838 756 905 J
760 861 870 904 am
940 861 1144 927 supra
1188 839 1564 903 indicatum
1623 844 1725 903 est
1781 860 2104 923 magnum
2150 837 2374 903 locum
2419 838 2688 903 tributis

347 947 785 1012 tribuendum
848 968 991 1012 esse
1049 948 1226 1011 inter
1270 947 1637 1033 praecipua
1677 946 1834 1029 jura
1896 967 2190 1010 summae
2235 946 2591 1034 potestatis
2614 948 2685 1029 1),

349 1053 579 1117 Etiam
646 1053 1022 1118 indicatum
1066 1058 1170 1118 est
1189 1052 1242 1134 ²)
1312 1074 1393 1117 ea
1458 1053 1620 1117 inde
1688 1052 1774 1117 ab
1846 1072 2023 1117 anno
2091 1052 2222 1117 323
2284 1051 2457 1116 nihil
2503 1050 2688 1116 aliud

346 1159 552 1224 fuisse
597 1161 722 1224 nisi
793 1159 862 1224 id
911 1159 1095 1245 quod
1164 1168 1513 1246 supererat
1559 1180 1595 1223 e
1642 1158 2025 1248 sumptibus
2095 1160 2690 1224 administrationis

342 1268 733 1353 provinciae
775 1264 1078 1350 alicujuS‚
1113 1266 1310 1351 ‚quod
1356 1268 1429 1330 in
1473 1267 1776 1332 diversos
1823 1267 2177 1332 thesauros
2221 1268 2486 1355 imperii
2534 1288 2689 1331 con-

346 1372 555 1439 fluere
624 1372 935 1439 debebat.
1025 1372 1110 1439 Id
1180 1381 1405 1438 autem
1476 1377 1751 1439 omnino
1817 1395 1956 1439 non
1999 1374 2309 1439 fictitium
2357 1372 2565 1438 fuisse
2609 1394 2693 1437 ex

346 1480 474 1545 hac
542 1502 617 1546 re
685 1482 1008 1566 sequitur,
1071 1481 1273 1567 quod,
1341 1480 1689 1567 Antigono
1764 1481 1837 1545 in
1904 1481 2069 1546 Asia
2135 1486 2468 1566 regnante
2533 1480 2693 1544 inde

348 1585 433 1652 ab
496 1609 675 1653 anno
732 1588 865 1652 315
911 1587 997 1653 ad
1048 1609 1106 1652 a.
1156 1588 1307 1670 312,
1373 1593 1706 1674 quantum
1768 1588 2066 1674 pertinet
2121 1587 2207 1652 ad
2252 1586 2455 1672 hujus
2498 1585 2687 1669 fineS‚

346 1695 677 1759 tributum
723 1694 928 1759 Asiae
974 1694 1330 1760 constabat
1378 1716 1461 1759 ex
1481 1694 1800 1759 undecim
1821 1694 2095 1759 milibus
2119 1693 2468 1759 talentum.
2494 1693 2693 1758 Hanc

347 1801 432 1866 ob
499 1823 665 1885 rem,
726 1801 1036 1888 quamvis
1106 1800 1244 1866 alto
1302 1800 1569 1867 silentio
1629 1802 1910 1867 historia
1968 1802 2092 1866 has
2138 1824 2243 1867 res
2288 1806 2690 1889 praetereat,

347 1906 572 1973 facere
647 1930 787 1973 non
869 1929 1224 1995 possumus
1327 1908 1492 1994 quin
1577 1908 2008 1995 suspicemur,
2099 1908 2451 1974 thesauros
2540 1907 2690 1972 illos

351 2021 416 2079 et
474 2015 734 2079 tributa
796 2014 916 2080 illa
981 2016 1352 2080 maximum
1419 2015 1936 2080 incitamentum
2003 2013 2211 2081 fuisse
2280 2015 2366 2079 ad
2435 2013 2693 2079 bellum

350 2122 741 2208 gerendum,
803 2123 1133 2210 imprimis
1197 2145 1237 2188 a
1297 2128 1494 2210 parte
1553 2123 1845 2210 imperii.
1935 2123 2116 2189 Nam
2178 2124 2440 2188 etiamsi
2484 2123 2690 2188 ratio-

349 2253 465 2295 nes
542 2230 916 2295 Ptolemaei
1002 2230 1184 2318 apud
1254 2230 1648 2295 thesaurum
1710 2231 2200 2318 apparuissent,
2287 2230 2468 2317 quod
2547 2230 2690 2295 sine

353 2337 555 2402 dubio
624 2359 761 2403 non
822 2339 920 2402 ita
965 2336 1099 2403 fuit
1142 2336 1255 2421 (cf.
1303 2361 1373 2425 p.
1420 2338 1549 2420 95),
1618 2344 1852 2402 tamen
1912 2338 2059 2423 jam
2125 2339 2287 2403 inde
2357 2338 2442 2402 ab
2513 2359 2691 2402 anno

352 2445 479 2509 323
527 2444 882 2509 Perdiccas
926 2444 1243 2510 thesauro
1293 2444 1694 2510 interclusus
1743 2451 1920 2528 erat,
1970 2445 2151 2530 quod
2188 2445 2246 2509 is
2270 2443 2458 2508 nullo
2484 2443 2685 2509 modo

350 2550 636 2616 tolerare
679 2552 937 2638 potuit,
1002 2550 1252 2638 alioqui
1296 2558 1443 2617 tota
1496 2553 1855 2639 Aegyptus
1903 2551 1988 2616 ab
2035 2551 2316 2639 imperio
2364 2550 2690 2615 dissoluta

354 2665 526 2725 esset
549 2657 617 2739 ³).

436 2767 635 2832 Hanc
680 2765 970 2832 eandem
1011 2787 1154 2831 rem
1200 2768 1451 2853 primas
1495 2772 1724 2854 partes
1749 2768 1964 2852 egisse
1987 2773 2134 2831 tum
2157 2787 2314 2830 cum
2335 2764 2682 2851 Antigono

350 2876 698 2960 provincia
768 2874 1197 2957 adimeretur,
1285 2873 1666 2940 verosimile
1750 2874 2023 2959 quidem
2092 2882 2220 2957 est3
2290 2874 2692 2939 mandatum

353 2982 725 3067 adjuvandi
771 2982 1150 3047 Eumenem
1194 2988 1624 3069 praetextum
1669 2980 1956 3046 fortasse
1999 2980 2150 3065 fuit,
2201 3002 2334 3068 quo
2391 2980 2692 3046 efficeret

352 3090 707 3155 Perdiccas
729 3096 809 3154 ut
830 3089 1216 3175 Antigonus
1239 3090 1563 3177 pecunias
1587 3090 1892 3154 residuas
1915 3089 2231 3154 redderet
2253 3110 2374 3176 per
2398 3111 2694 3177 expensa

351 3199 419 3261 in
441 3197 872 3262 commodum
918 3196 1183 3283 imperii
1236 3195 1569 3262 facienda.

438 3304 784 3389 Quidquid
852 3304 936 3369 de
1005 3303 1135 3369 hac
1176 3326 1252 3368 re
1314 3310 1433 3388 est,
1496 3303 1755 3369 bellum
1792 3302 1937 3389 jam
1984 3303 2179 3368 brevi
2221 3309 2378 3390 post
2424 3305 2690 3388 exarsit,

352 3412 705 3476 Perdiccas
752 3406 821 3474 et
861 3409 1201 3476 Eumenes
1249 3433 1290 3475 a
1334 3417 1529 3499 parte
1573 3412 1837 3498 imperii
1877 3410 2170 3493 stabant,
2209 3410 2453 3498 reliqui
2497 3434 2693 3499 prae-

352 3525 527 3583 tores
575 3539 720 3583 sese
767 3523 1003 3583 contra
1047 3539 1160 3584 eos
1204 3518 1722 3603 conjunxerunt.

438 3625 596 3691 Non
641 3631 949 3690 nostrum
993 3631 1096 3690 est
1162 3630 1383 3691 totum
1448 3624 1617 3690 illud
1664 3625 1920 3691 bellum
1976 3628 2332 3713 persequi3
2401 3627 2562 3692 satis
2609 3628 2694 3691 sit

352 3731 477 3797 hoc
522 3752 913 3815 memorare,
961 3731 1218 3797 bellum
1261 3733 1333 3796 in
1377 3731 1544 3798 Asia
1589 3732 1673 3797 ab
1721 3733 2028 3798 Eumene
2071 3755 2392 3821 prospere
2429 3739 2691 3819 gestum

356 3859 512 3921 esse,
561 3838 955 3903 Perdiccam
1001 3844 1250 3922 autem,
1295 3845 1657 3927 postquam
1722 3839 2065 3927 repulsam
2124 3839 2284 3905 tulit
2329 3840 2416 3905 ad
2461 3840 2692 3905 Nilum

354 3943 600 4010 flumen
645 3946 718 4009 in
761 3946 1052 4011 tentorio
1099 3967 1220 4011 suo
1268 3944 1702 4012 interfectum
1748 3969 1910 4013 esse.

439 4052 657 4118 Morte
702 4052 1066 4118 Perdiccae
1109 4055 1404 4141 primum
1450 4054 1745 4141 spatium
1790 4056 1861 4119 in
1905 4054 2185 4119 historia
2230 4054 2496 4141 imperii
2539 4059 2695 4141 post

408 4310 453 4381 1)
490 4313 556 4366 cf.
593 4330 646 4382 p.
685 4313 771 4366 64.

408 4400 456 4468 2)
493 4420 545 4472 p.
582 4402 668 4457 80.

411 4489 454 4559 3)
490 4492 556 4547 cf.
593 4511 650 4559 p.
688 4492 773 4545 93.
