3338 5350
1565 503 1649 568 41

439 708 641 790 parte
708 701 763 766 si
834 700 1134 788 placeret
1201 699 1732 764 Atheniensibus
1799 699 1881 764 iis
1950 699 2144 765 licuit
2211 699 2575 786 participes
2636 699 2783 764 fieri

445 809 786 874 societatis
855 830 1062 895 quam
1105 807 1465 895 Philippus
1511 806 1921 872 constiturus
1963 813 2137 872 esset
2164 805 2236 892 1).
2307 805 2667 893 Philippus
2716 813 2780 871 et

439 915 833 981 Alexander
878 915 1061 980 cives
1107 914 1554 980 Athenienses
1593 911 1761 979 facti
1807 919 1985 997 sunt,
2036 919 2260 978 statua
2283 912 2462 999 regis
2508 913 2581 977 in
2619 913 2785 978 urbe

440 1029 669 1088 erecta
715 1028 832 1104 est,
881 1027 1233 1108 praeterea
1277 1019 1561 1086 diversis
1606 1019 1974 1086 honoribus
2022 1019 2304 1085 affectus
2345 1025 2447 1086 est
2471 1022 2541 1101 2).

533 1128 773 1215 Neque
841 1127 1059 1214 magis
1128 1127 1372 1213 reliqui
1441 1126 1686 1193 Graeci
1732 1127 2034 1192 cunctati
2080 1134 2238 1192 sunt
2284 1149 2523 1217 pacem
2561 1126 2784 1194 facere
2894 1117 2903 1125 ⁹

441 1258 604 1302 cum
645 1235 988 1322 Philippo.

534 1343 814 1408 Euboea
864 1363 1092 1407 rursus
1131 1340 1370 1408 foedus
1411 1363 1565 1407 cum
1603 1362 1764 1426 rege
1807 1341 1982 1425 iniit,
2046 1364 2267 1428 neque
2310 1342 2785 1408 veridissimile

440 1457 567 1535 est,
617 1471 798 1515 nunc
843 1450 1118 1515 demum
1160 1449 1577 1536 praesidium
1621 1447 2137 1513 Macedonicum
2203 1448 2595 1536 impositum
2644 1472 2786 1514 esse

444 1557 775 1641 Chalcidi,
845 1557 1085 1622 eodem
1130 1556 1332 1621 modo
1373 1575 1507 1641 quo
1554 1552 1879 1620 Corintho
1906 1553 1975 1637 3).
2045 1555 2321 1641 Reliqui
2367 1556 2609 1622 Graeci
2642 1579 2787 1620 sese

445 1664 764 1751 deinceps
833 1662 1140 1750 Philippi
1205 1661 1368 1727 fidei
1436 1661 1935 1743 commiserunt,
2014 1661 2156 1727 sola
2225 1662 2474 1749 Sparta
2522 1685 2666 1727 sese
2712 1663 2786 1727 in

442 1772 832 1837 libertatem
878 1769 1256 1835 vindicavit
1292 1768 1364 1855 ⁴).

533 1877 894 1966 Philippus
970 1876 1429 1964 principatum
1512 1875 1839 1942 Graeciae
1925 1876 2211 1964 adeptus
2302 1883 2423 1960 est,
2517 1898 2786 1942 omnem

446 1986 804 2052 Graeciam
871 2007 1010 2050 una
1070 1984 1388 2050 societate
1431 1983 1743 2069 junctam
1790 1984 1919 2049 sibi
1965 1984 2272 2050 devinxit
2300 1984 2368 2067 5),
2428 1983 2785 2049 Corinthus

446 2093 590 2158 sive
657 2091 956 2157 Isthmus
1018 2089 1150 2155 fuit
1221 2090 1406 2155 locus
1477 2091 1872 2178 designatus
1940 2091 2059 2157 ubi
2126 2092 2520 2178 synedrium
2583 2090 2784 2177 hujus

445 2199 785 2265 societatis
853 2197 1247 2264 conveniret
1280 2196 1352 2281 6)‚
1421 2219 1540 2263 rex
1585 2198 1672 2263 ab
1717 2198 1881 2286 ipsis
1927 2199 2202 2265 Graecis
2249 2199 2555 2263 societati
2596 2219 2787 2285 prae-

445 2307 704 2395 positus
762 2313 862 2371 est
888 2308 960 2388 ⁷),
1009 2303 1197 2369 nullo
1242 2303 1444 2370 titulo
1488 2305 1695 2392 regio,
1722 2306 1842 2372 sed
1866 2305 2251 2371 nominatus
2276 2305 2419 2371 sive
2442 2305 2787 2384 στρατηγὸς

449 2411 838 2494 αὐτοκράτωρ
887 2413 1032 2479 sive
1076 2412 1318 2489 ἡγέμων
1350 2414 1423 2494 8).

535 2520 804 2587 Foedus
864 2521 1045 2608 quod
1114 2521 1415 2587 inierunt
1485 2520 1846 2608 Philippus
1908 2526 1980 2585 et
2046 2519 2283 2586 Graeci
2335 2520 2403 2585 id
2455 2519 2791 2607 spectavit

447 2633 525 2693 ut
570 2649 801 2715 regem
850 2628 1259 2715 adjuvarent
1306 2629 1363 2695 si
1410 2629 1558 2715 quis
1624 2650 1781 2694 eum
1828 2629 2332 2715 aggrederetur,
2382 2627 2494 2694 vel
2542 2627 2599 2693 si
2646 2628 2791 2715 ipse

448 2735 713 2801 hostem
755 2736 1113 2801 lacesseret
1139 2736 1211 2820 9),
1252 2735 1384 2802 fuit
1430 2736 1640 2823 igitur
1686 2734 1927 2801 foedus
1969 2757 2262 2822 aequum
2302 2758 2383 2801 ea
2404 2736 2791 2801 conditione

499 3041 547 3110 1)
584 3042 729 3096 Plut.
786 3042 952 3096 Phoe.
1012 3042 1094 3095 16.
1171 3041 1456 3096 Demosth.
1514 3041 1632 3094 220.
1689 3040 1739 3094 8.
1796 3039 1883 3089 καὶ
1935 3042 2031 3104 γὰρ
2083 3039 2163 3090 ’ἐτι
2214 3038 2623 3104 προσγέγραπται
2674 3042 2790 3097 ταῖς

445 3129 725 3189 συνθήκαις·
763 3132 880 3190 „eam
916 3129 1208 3193 βουλώμεθα
1244 3134 1334 3187 τῆς
1370 3132 1525 3187 κοινῆς
1561 3127 1739 3191 εἰρήνης
1778 3127 2065 3192 μετίχειν,“’

499 3222 549 3286 2)
585 3220 799 3274 Arrian.
840 3221 885 3272 1.
930 3221 976 3274 l.
1016 3220 1065 3274 3.-
1108 3219 1396 3274 Demosth.
1435 3220 1556 3273 331.
1598 3220 1681 3271 14.
1719 3220 1885 3272 Paus.
1927 3220 1974 3272 1.
2015 3220 2065 3273 9.
2103 3220 2153 3271 4.
2191 3219 2337 3273 Plut.
2377 3218 2662 3273 Demosth.
2705 3220 2788 3274 22.

444 3305 616 3371 ζῶντα
652 3310 740 3371 μὲν
777 3313 931 3371 τιμᾶν
969 3308 1055 3359 καὶ
1091 3311 1343 3359 ποιεῖσθαι
1379 3312 1601 3364 πολίτην.

499 3398 549 3465 3)
590 3399 729 3454 Plut.
790 3399 939 3453 Arat.
999 3398 1083 3452 23.
1145 3398 1346 3453 Strabo
1402 3396 1523 3450 428.
1581 3396 1651 3451 cf.
1709 3396 1900 3467 Polyb.
1962 3398 2045 3451 18.
2101 3398 2181 3451 11.
2220 3398 2270 3449 4.
2331 3397 2592 3451 Schaefer
2627 3398 2677 3450 3.
2719 3398 2788 3450 52

448 3505 574 3542 ann.
611 3488 663 3539 4.

500 3575 550 3644 4)
586 3577 798 3631 Arrian.
841 3577 890 3630 1.
930 3578 979 3632 1.
1021 3576 1069 3629 2.
1111 3576 1192 3630 De
1231 3576 1431 3631 finibus
1469 3575 1703 3646 Spartae
1742 3577 1808 3629 cf.
1849 3575 2026 3630 Niese.
2074 3576 2119 3627 1.
2160 3575 2245 3628 37.

499 3664 548 3733 5)
586 3665 791 3719 Aelian.
825 3666 892 3720 V.
935 3667 996 3719 Η.
1037 3666 1088 3719 6.
1132 3666 1179 3717 1.

499 3755 548 3820 6)
585 3755 730 3810 Plut.
767 3756 847 3809 Al.
891 3757 973 3810 14.
1011 3755 1255 3809 Demetr.
1296 3754 1380 3808 25.
1420 3752 1577 3807 Diod.
1618 3752 1702 3805 16.
1740 3751 1826 3805 89.
1865 3752 1924 3820 3;
1968 3752 2050 3805 17.
2091 3753 2140 3804 4.
2180 3752 2258 3817 9.;
2306 3751 2388 3805 73.
2427 3751 2476 3803 5.
2509 3752 2715 3806 «lustin.
2736 3752 2786 3805 9.

444 3845 496 3899 5.
541 3846 598 3910 15
639 3846 722 3898 11.
762 3846 810 3899 2.
852 3844 900 3898 5.

498 3933 547 3999 7)
585 3932 741 3987 Diod.
799 3933 882 3987 16.
937 3932 1021 3986 89.
1079 3931 1128 3985 3.
1220 3928 1369 3987 Τέλος
1440 3929 1493 3980 δὲ
1562 3936 1657 3979 τῶν
1715 3928 1952 3988 Ἑλλήνων
2005 3927 2235 3993 ἑλομένων
2294 3927 2445 3979 αὐτὸν
2500 3931 2782 3994 στρατηγὸν

440 4021 778 4085 αῧτοκράτορα
814 4026 904 4082 τῆς
941 4020 1196 4079 Ἑλλάδος.
1412 4020 1417 4026 ’

496 4112 544 4176 8)
583 4112 867 4167 Demosth.
922 4110 1043 4165 295.
1095 4112 1163 4164 12
1177 4130 1191 4179 ;
1223 4109 1342 4163 215.
1384 4111 1431 4163 l.
1470 4110 1661 4180 Polyb.
1707 4109 1758 4163 9.
1798 4109 1884 4163 33.
1925 4110 1973 4163 7.
2012 4109 2255 4163 Dittenb.
2299 4110 2416 4163 149.
2454 4110 2539 4163 21.
2578 4110 2782 4164 sustin.

363 4249 373 4262 ,
442 4203 495 4256 9.
536 4202 587 4254 4.
608 4202 656 4254 2.
702 4202 845 4255 »Nec
876 4218 1065 4271 regem
1084 4217 1141 4255 se
1162 4199 1440 4263 Graeciae,
1463 4198 1561 4252 sed
1580 4198 1781 4252 ducem
1799 4198 2064 4268 appellari
2078 4198 2276 4266 jussit''
2298 4199 2607 4268 (Philippus
2627 4200 2786 4262 scil.).

499 4289 547 4356 9)
585 4290 783 4344 Justin.
841 4289 889 4342 9.
946 4290 994 4342 ἴ).
1033 4289 1083 4341 4.
1131 4288 1379 4342 *Auxilia
1417 4286 1613 4341 deinde
1650 4287 1995 4357 singularum
2034 4287 2338 4341 civitatium
2379 4281 2783 4351 describuntur,

443 4378 563 4433 sive
600 4377 945 4447 adjuvandus
989 4394 1054 4431 ea
1088 4394 1258 4430 manu
1293 4393 1395 4430 rex
1429 4379 1787 4446 oppugnante
1827 4375 2012 4443 aliquo
2050 4376 2208 4440 foret,
2251 4391 2351 4427 seu
2391 4374 2531 4428 duce
2565 4374 2656 4428 illo
2678 4374 2791 4428 bel·

440 4468 566 4521 lum
608 4463 1005 4520 inferendum.’'
