3338 5350
1710 493 1796 559 46

577 728 617 809 ξ
660 723 736 791 11.
787 724 875 792 De
920 726 1114 797 rebus
1161 723 1430 808 politicis
1475 725 1546 793 et
1592 725 1673 794 de
1717 726 1894 794 statu
1943 725 2382 811 Macedoniam
2429 726 2671 809 rustici,
2718 727 2917 795 vecti·

623 829 784 915 untia
815 831 1155 899 mobilitas.
1207 830 1294 898 De
1339 831 1586 900 ratione
1633 848 1795 915 quae
1841 832 2281 901 intercedebat
2331 833 2495 902 inter
2539 849 2755 918 renem
2803 833 2875 901 et

1330 938 1701 1025 subjectos;
1748 938 1826 1007 de
1874 939 2147 1007 urbibus.

669 1139 982 1205 Oonditio
1021 1137 1397 1203 incolarum
1432 1137 1838 1203 rusticorum
1882 1138 2322 1204 Macedoniae
2360 1140 2629 1204 tametsi
2675 1139 2918 1205 Graeci

579 1247 879 1312 habendi
947 1252 1106 1310 sunt
1133 1244 1182 1328 1)
1244 1251 1610 1330 antequam
1652 1245 2011 1331 Philippus
2058 1267 2345 1330 regnum
2384 1245 2557 1328 iniit,
2607 1253 2677 1310 et
2720 1246 2918 1311 initio

583 1376 849 1440 quoque
930 1352 1126 1438 regni
1206 1351 1532 1439 Philippi,
1603 1351 1786 1417 haud
1857 1353 1955 1418 ita
2019 1352 2312 1417 multum
2382 1336 2810 1440 discrepabat
2880 1376 2920 1418 a

581 1468 762 1526 statu
830 1459 1241 1547 Illyriorum,
1316 1460 1756 1546 Epirotarum
1826 1466 1893 1524 et
1960 1459 2452 1541 Thessalorum,
2526 1460 2645 1544 qui
2688 1480 2919 1524 omnes

579 1567 923 1633 nobilitati
961 1566 1235 1633 obnoxii
1282 1572 1494 1650 erant,
1543 1566 1888 1632 sordidam
1927 1567 2142 1631 vitam
2168 1565 2483 1651 agebant.
2531 1566 2637 1630 De
2675 1565 2919 1652 quibus

577 1674 844 1741 rusticis
884 1673 1215 1739 Arrianus
1241 1675 1301 1737 7.
1329 1674 1390 1738 9.
1416 1674 1457 1736 2
1497 1672 1665 1738 haec
1692 1674 1958 1759 scripsit
1984 1696 1997 1738 :
2037 1673 2344 1744 Φίλιππος
2373 1672 2498 1752 γαρ
2524 1672 2918 1750 παραλαβὼν

580 1783 739 1859 ὑμᾶς
789 1781 1119 1854 πλανήτας
1166 1780 1270 1844 καὶ
1318 1779 1597 1860 ἀπόρους,
1648 1781 1708 1842 ε’ν
1759 1777 2086 1859 διφθέραις
2133 1780 2273 1852 τοὺς
2321 1779 2587 1852 πολλοὺς
2630 1779 2918 1857 νέμοντας

578 1888 697 1953 ἀνά
744 1888 826 1952 τα
890 1887 986 1968 ὄρη
1049 1886 1345 1967 πρόβατα
1394 1887 1581 1963 ὀλίγα
1629 1887 1737 1950 καὶ
1807 1887 1955 1967 ὑπὲρ
2003 1887 2222 1951 τούτων
2272 1893 2474 1958 κακῶς
2522 1888 2918 1967 μαχομένους

579 2001 888 2075 Ἰλλυριοῖς
948 2018 1015 2059 τε
1072 1994 1178 2058 καὶ
1242 1993 1617 2074 Τριβαλλοῖς
1681 1994 1789 2057 καὶ
1852 2001 1977 2066 τοῖς
2023 1994 2254 2074 ὁμόροις
2302 1994 2520 2077 Θρᾳξί,
2570 1994 2918 2074 χλαμύδας

580 2103 691 2180 μὲν
754 2103 895 2180 ὑμῖν
949 2101 1083 2165 ἀντὶ
1149 2105 1265 2165 τῶν
1327 2100 1631 2180 διφθερῶν
1696 2106 1893 2181 φορεῖν
1951 2100 2150 2180 ἔδωκε,
2198 2101 2534 2178 κατήγαγε
2581 2102 2646 2165 δὲ
2694 2104 2759 2165 ἐκ
2805 2109 2918 2166 τῶν

579 2213 715 2290 ὀρῶν
786 2211 845 2280 ἐς
913 2207 998 2272 τὰ
1056 2207 1263 2281 πεδία,
1325 2206 1719 2288 ἀξιομάχους
1780 2208 2187 2282 καταστήσας
2235 2216 2353 2280 τοῖς
2395 2208 2765 2290 προσχώροις
2805 2214 2919 2274 τῶν

582 2313 912 2396 βαρβάρων
975 2317 1050 2387 ὡς
1113 2315 1200 2393 μη
1251 2314 1482 2394 χωρίων
1531 2314 1620 2378 ἔτι
1664 2297 1985 2395 ὀχυρότητι
2035 2313 2433 2388 πιστεύοντας
2480 2320 2721 2392 μᾶλλον
2766 2316 2797 2391 ἢ
2844 2325 2920 2397 τῇ

579 2423 767 2505 οἰκεία
816 2428 999 2503 ἀρετῇ
1044 2420 1375 2502 σώζεσθαι·
1421 2421 1651 2485 πόλεών
1690 2447 1760 2486 τε
1808 2422 2119 2502 οἰκήτορας
2145 2421 2428 2502 ἀπέφηνε
2452 2423 2554 2487 καὶ
2584 2423 2785 2500 νόμοις
2811 2423 2915 2487 καὶ

580 2529 758 2605 ἤθεσι
819 2535 1112 2610 χρηστοῖς
1160 2528 1511 2606 ε’κόσμησεν,
1561 2530 1761 2593 αὐτῶν
1825 2528 1889 2592 δὲ
1952 2528 2182 2592 ἐκείνων
2242 2534 2359 2593 τῶν
2405 2529 2761 2610 βαρβάρων,
2809 2531 2917 2611 ὑφ’

581 2634 653 2703 ὧν
702 2636 965 2719 πρόσθεν
1013 2634 1245 2715 ἤγεσθε
1293 2636 1398 2700 καὶ
1426 2635 1728 2717 ε’φέρεσθε
1753 2636 1935 2701 αὐτοί
1956 2660 2023 2701 τε
2052 2635 2267 2701 καὶτὰ
2295 2637 2582 2718 ὑμέτερα,
2609 2637 2918 2716 ἡγεμόνας

582 2745 956 2819 κατέστησεν
1005 2746 1074 2809 ἐκ
1120 2744 1342 2808 δούλων
1389 2744 1493 2807 καὶ
1545 2742 1831 2818 ὑπηκόων.

670 2851 890 2918 Simul
935 2874 1089 2917 cum
1134 2851 1401 2916 cultura
1445 2852 1686 2916 horum
1734 2858 2079 2938 pastorum
2129 2860 2197 2916 et
2236 2853 2684 2937 agricolarum
2728 2877 2919 2941 prae-

582 2961 779 3048 cipue
844 2960 919 3023 in
984 2958 1370 3044 regionibus
1441 2958 1735 3023 Orientis
1804 2959 2009 3024 etiam
2096 2981 2203 3024 res
2274 2981 2505 3023 eorum
2573 2959 2922 3025 florescere

581 3074 968 3154 coeperunt,
1034 3066 1201 3130 adeo
1247 3072 1326 3129 ut
1365 3065 1512 3150 jam
1555 3065 1750 3130 brevi
1796 3072 1969 3152 post,
2020 3066 2162 3131 sine
2209 3088 2458 3153 magno
2506 3089 2626 3132 suo
2674 3068 2920 3132 damno

581 3174 922 3261 stipendia
967 3173 1190 3238 facere
1234 3180 1511 3260 possent
1554 3172 1628 3237 in
1673 3172 1981 3259 Philippi
2029 3173 2345 3238 exercitu.
2395 3173 2693 3239 Tametsi
2718 3175 2921 3238 etiam

579 3282 654 3345 in
719 3279 1109 3366 regionibus
1178 3279 1708 3345 occidentalibus
1776 3280 1973 3364 regni
2038 3280 2345 3368 Philippi
2381 3260 2396 3275 ⁶
2413 3280 2596 3345 cives
2666 3281 2921 3346 victum

582 3387 1018 3453 excultiorem
1064 3387 1253 3472 sequi
1299 3393 1687 3473 coeperunt,
1733 3393 1965 3451 tamen
2008 3387 2102 3470 hi,
2151 3388 2206 3451 si
2254 3393 2733 3475 comparantur
2770 3408 2921 3451 cum

580 3494 1064 3560 Macedonibus
1110 3494 1466 3579 regionum
1511 3494 1965 3577 orientalium,
2014 3494 2232 3580 magis
2278 3495 2480 3560 rudes
2520 3503 2587 3558 et
2626 3502 2920 3579 agrestes

581 3607 995 3684 manserunt,
1066 3600 1258 3686 cujus
1326 3601 1424 3664 rei
1490 3622 1697 3665 causa
1764 3601 2062 3666 maxima
2122 3623 2245 3689 pro
2291 3609 2488 3689 parte
2534 3602 2921 3687 quaerenda

582 3715 683 3774 est
754 3708 827 3773 in
895 3714 1141 3773 natura
1201 3707 1500 3773 locorum
1570 3714 1638 3772 et
1684 3713 1868 3772 statu
1912 3707 2101 3773 coeli.
2193 3708 2434 3775 Livius
2480 3709 2587 3773 45.
2635 3709 2725 3773 30
2768 3728 2921 3773 cum

579 3815 882 3902 loquitur
950 3816 1034 3880 de
1103 3814 1340 3879 incolis
1409 3815 1850 3880 Macedoniae
1942 3814 2321 3902 Superioris
2407 3814 2571 3880 anni
2611 3816 2789 3898 167,
2838 3815 2921 3879 de

579 3923 757 3989 Eord
768 3923 924 4006 aeis,
972 3923 1347 4009 Lyncesti8‚
1416 3921 1874 4007 Pelagonibus
1920 3919 2279 4006 Elimiotis,
2352 3922 2553 3987 dicit:
2630 3919 2918 4008 „frigida

587 4031 792 4116 „haec
838 4031 1055 4095 omnis
1103 4031 1407 4116 duraque
1452 4029 1641 4095 cultu
1704 4037 1772 4093 et
1843 4051 2082 4117 aspera
2148 4030 2356 4117 plaga
2401 4036 2523 4112 est,
2586 4029 2916 4095 cultorum

588 4158 893 4224 „quoque
960 4138 1238 4224 ingenia
1303 4143 1523 4201 terrae
1593 4135 1841 4201 similia
1907 4136 2131 4201 habet.
2223 4136 2610 4204 Ferociores
2679 4158 2791 4203 eos
2857 4142 2920 4201 et

636 4371 680 4436 1)
719 4391 770 4426 v.
828 4372 1157 4428 Herwerden
1214 4373 1448 4442 Verslag.
1509 4390 1575 4426 en
1633 4371 1840 4426 Meded.
1875 4371 1924 4425 d.
1970 4371 2228 4426 Koninkl.
2267 4371 2433 4425 Acad.
2472 4388 2580 4425 van
2614 4368 2917 4425 Wetensch.

595 4462 748 4515 1884.
791 4462 838 4515 1.
882 4481 932 4532 p.
975 4462 1093 4516 297.
