3338 5350
1733 506 1815 570 12

599 697 918 764 affecisse.
991 696 1342 776 Quaenam
1414 705 1640 765 autem
1700 702 2052 767 commoda
2097 702 2225 767 sibi
2272 703 2399 769 hoc
2446 704 2646 770 modo
2693 727 2935 792 parare

594 807 864 895 potuit?
907 807 1113 872 initio
1158 807 1352 892 regni
1395 806 1773 873 Alexandri
1816 808 2054 895 Magni
2099 810 2333 875 variae
2375 811 2685 895 regiones
2721 833 2933 897 regno

595 914 1032 979 Macedonico
1067 913 1707 995 adnumerabantur,
1735 937 1909 1000 quae
1937 920 2139 980 antea
2162 937 2300 981 non
2333 917 2418 981 ad
2436 916 2607 983 illud
2624 940 2928 1003 regnum,

595 1021 715 1087 sed
761 1021 851 1087 ad
894 1021 1181 1108 Epirum
1201 1021 1607 1107 pertinuere.
1655 1020 1985 1086 Arrianus
2020 1022 2203 1087 enim
2226 1022 2298 1086 in
2342 1023 2656 1110 catalogo
2684 1024 2932 1090 ducum

593 1127 944 1193 navalium
981 1126 1218 1212 Magni
1239 1125 1633 1203 Alexandri,
1658 1149 1798 1193 non
1821 1127 2038 1193 solum
2063 1126 2415 1194 Craterum
2441 1137 2509 1194 et
2532 1129 2929 1197 Perdiccam

596 1256 675 1301 ex
726 1235 1034 1300 Orestide
1080 1234 1398 1299 oriundos
1442 1239 1521 1298 ut
1565 1233 1969 1300 Macedones
2016 1242 2516 1321 commemorat,
2559 1238 2676 1303 sed
2726 1238 2929 1303 etiam

597 1340 910 1406 Attalum
954 1339 1444 1428 Tymphaeum,
1490 1340 1710 1427 iisque
1757 1340 1959 1406 duces
2006 1341 2296 1408 Graecos
2344 1344 2629 1431 opponit
2665 1343 2737 1430 1).

681 1447 1044 1514 Praeterea
1087 1452 1353 1512 constat
1396 1446 2044 1533 Polysperchontem
2088 1446 2294 1514 fuisse
2338 1471 2571 1535 regem
2615 1448 2931 1516 Aethica·

594 1577 747 1620 rum
771 1555 843 1638 ²),
888 1554 1112 1640 gentis
1156 1574 1294 1618 non
1340 1553 1517 1617 tanti
1562 1553 1905 1638 momenti,
1950 1554 2383 1642 Tymphaeae
2431 1555 2733 1641 confiniS,
2760 1579 2934 1642 quae

595 1669 823 1746 postea
870 1667 988 1727 aut
1033 1659 1440 1743 Thessaliae,
1489 1666 1605 1725 aut
1630 1660 2068 1747 Tymphaeae
2094 1661 2414 1748 adjuncta
2464 1672 2563 1730 est
2592 1664 2668 1748 3),
2693 1665 2933 1731 saltem

595 1791 727 1835 non
774 1768 1065 1856 amplius
1112 1768 1248 1833 suis
1293 1767 1557 1854 legibus
1601 1790 1726 1832 usa
1768 1774 1868 1833 est
1894 1767 1965 1849 ⁴).

683 1877 973 1964 Insuper
1035 1874 1387 1939 Paravaea
1454 1874 1892 1939 Macedonica
1960 1872 2094 1938 fuit
2141 1874 2211 1958 5).
2328 1876 2514 1955 Quae
2580 1876 2934 1965 provincia

595 1989 825 2048 autem
892 1983 1022 2047 sita
1092 1988 1238 2047 erat
1284 2004 1324 2046 a
1369 1981 1649 2046 meridie
1719 1981 2172 2069 Tymphaeae,
2241 1989 2319 2047 ut
2389 1990 2581 2071 patet
2640 2006 2725 2049 ex
2767 1984 2932 2049 locis

598 2088 951 2155 Strabonis
998 2096 1065 2153 et
1110 2088 1386 2153 Arriani
1411 2087 1484 2174 ⁶).
1579 2087 1801 2153 Locus
1873 2087 2225 2154 Strabonis
2296 2096 2522 2155 autem
2583 2090 2931 2177 neglectus

596 2218 739 2261 esse
782 2195 1056 2261 videtur
1101 2217 1142 2259 a
1187 2204 1260 2260 v⁰
1289 2196 1362 2261 d⁰
1389 2194 1602 2260 Kuhn
1667 2194 1742 2259 in
1811 2196 2396 2281 argumentatione
2465 2219 2586 2262 sua
2654 2198 2737 2262 de
2798 2198 2933 2262 situ

594 2303 985 2368 Paravaeae
1009 2304 1056 2386 7)
1105 2303 1223 2389 qui
1265 2302 1452 2368 locus
1497 2302 1830 2390 imprimis
1875 2302 2227 2368 confirmat
2274 2304 2480 2369 situm
2522 2305 2817 2390 regionis
2853 2312 2933 2371 ut

596 2411 682 2475 ab
729 2409 1020 2476 Arriano
1064 2410 1402 2476 indicatus
1449 2415 1569 2474 est.

681 2516 808 2581 His
870 2516 1132 2581 duobus
1176 2516 1341 2582 locis
1386 2516 1536 2599 nisi,
1584 2523 1819 2582 contra
1864 2516 2250 2604 opinionem
2295 2518 2427 2582 viri
2472 2518 2656 2583 docti
2698 2519 2932 2601 Kuhn,

597 2625 716 2711 qui
760 2623 1001 2689 nititur
1047 2623 1181 2689 alio
1226 2624 1374 2689 loco
1422 2620 1775 2690 Strabonis
1820 2645 1887 2711 p,
1937 2623 2089 2708 326,
2153 2630 2222 2690 et
2268 2624 2411 2690 vim
2455 2624 2665 2691 infert
2710 2626 2934 2691 ordini

593 2732 950 2817 regionum
1015 2736 1094 2795 ut
1155 2731 1240 2796 ab
1286 2730 1578 2796 Arriano
1625 2737 2254 2813 commemorantur,
2320 2752 2451 2816 quo
2511 2731 2933 2798 Paravaeam

595 2841 669 2903 in
739 2839 1213 2926 Septentrione
1279 2838 1475 2926 Epiri
1534 2846 1765 2925 ponat,
1836 2838 2271 2903 statuendum
2338 2845 2438 2904 est
2509 2839 2933 2905 Paravaeam

596 2948 797 3012 sitam
841 2946 1050 3011 fuisse
1097 2969 1138 3011 a
1183 2945 1466 3010 Meridie
1512 2945 1967 3033 Tymphaeae.

686 3052 860 3119 Cum
928 3059 1155 3119 autem
1220 3052 1380 3117 illae
1448 3053 1758 3138 regiones
1840 3052 2279 3120 Macedoniae
2350 3054 2712 3139 adjunctae
2798 3055 2934 3119 sint

595 3160 791 3249 Epiri
817 3149 1262 3242 'detrimentQ
1309 3160 1382 3228 in
1426 3167 1750 3246 promptu
1796 3165 1898 3223 est
1940 3157 2067 3224 hoc
2113 3156 2372 3224 factum
2419 3183 2559 3226 esse
2607 3167 2725 3225 aut
2756 3184 2933 3227 anno

599 3269 726 3333 352
772 3275 927 3356 post
972 3266 1229 3331 bellum
1272 3288 1427 3332 cum
1471 3265 1756 3352 Arybba
1798 3271 2084 3352 gestum,
2157 3273 2273 3332 aut
2343 3289 2519 3332 anno
2583 3269 2730 3350 342,
2780 3291 2935 3333 cum

597 3374 988 3440 Alexander
1053 3375 1249 3462 Epiri
1315 3396 1437 3438 rex
1483 3373 1890 3439 constitutus
1937 3378 2057 3454 est,
2128 3373 2630 3460 provinciisque
2675 3375 2934 3439 mariti-

597 3482 725 3547 mis
783 3480 1167 3569 praefectus
1238 3487 1356 3546 est.
1439 3478 1514 3545 Si
1559 3485 1792 3544 tamen
1835 3478 1964 3544 hoc
2007 3485 2349 3565 postremo
2398 3502 2576 3546 anno
2621 3479 2935 3546 Macedo-

596 3589 754 3653 niae
792 3588 1149 3674 adjunctae
1195 3594 1371 3670 sunt,
1418 3585 1852 3674 perspicuum
1899 3591 2002 3651 est
2048 3608 2159 3651 eas
2203 3587 2589 3674 provincias
2613 3586 2934 3674 Philippo

649 3838 698 3905 1)
735 3840 945 3893 Ari-ian.
985 3839 1176 3893 Indica
1216 3837 1298 3892 18.

648 3929 700 3995 2)
738 3929 965 3984 Tzetzes
999 3928 1071 3983 ad
1105 3927 1381 3998 Lycophr.
1419 3940 1476 3981 v.
1517 3925 1637 3979 802.
1679 3923 1892 3975 Aistmv
1929 3920 2175 3986 βασιλεύς.

647 4016 696 4085 3)
735 4017 936 4072 Strabo
974 4017 1094 4070 327.

646 4105 693 4169 4)
733 4105 933 4160 Strabo
971 4105 1077 4159 430
1109 4107 1194 4156 καὶ
1229 4106 1257 4163 ἦ
1291 4108 1387 4154 τῶν
1425 4103 1637 4154 Ae'slnm
1674 4106 1795 4154 ποτὲ
1831 4102 2080 4168 λεγομένη.

648 4194 696 4261 5)
733 4194 879 4248 Plut.
917 4194 1111 4263 Pyrrh.
1154 4194 1204 4245 6.
1241 4195 1409 4248 Kuhn
1447 4193 1549 4247 144
1587 4197 1643 4247 et
1683 4193 1799 4247 146.

648 4282 697 4349 ⁶)
738 4283 937 4338 Strabo
974 4281 1097 4336 325.
1150 4283 1175 4331 ὁ
1220 4281 1469 4345 '‘Apum-900
1515 4284 1740 4344 ποταμὸς
1779 4322 1792 4335 .
1818 4323 1829 4336 .
1851 4320 1863 4334 .
1902 4282 2171 4345 ἀρχόμενος
2224 4280 2278 4330 ἐκ
2312 4278 2519 4345 Τύμφης
2551 4277 2680 4343 &poue
2717 4279 2803 4330 καὶ
2839 4284 2932 4338 τῆς

597 4372 897 4434 Παρωραίας-
934 4371 1130 4426 Arrian
1168 4371 1214 4425 1.
1255 4372 1302 4424 7.
1343 4371 1393 4424 5.

652 4460 700 4526 ⁷)
740 4459 908 4514 Kuhn
946 4459 1018 4513 l.l.
