<?xml version="1.0" encoding="UTF-8"?>
<!DOCTYPE html PUBLIC "-//W3C//DTD XHTML 1.0 Transitional//EN"
    "http://www.w3.org/TR/xhtml1/DTD/xhtml1-transitional.dtd">
<html xmlns="http://www.w3.org/1999/xhtml" xml:lang="en" lang="en">
 <head>
  <title>
</title>
<meta http-equiv="Content-Type" content="text/html;charset=utf-8" />
  <meta name='ocr-system' content='tesseract 3.04.00' />
  <meta name='ocr-capabilities' content='ocr_page ocr_carea ocr_par ocr_line ocrx_word'/>
</head>
<body>
  <div class='ocr_page' id='page_1' title='image "./definibusregnim01breegoog_0195.png"; bbox 0 0 3338 5350; ppageno 0'>
   <div class='ocr_carea' id='block_1_1' title="bbox 1488 529 1610 593">
    <p class='ocr_par' dir='ltr' id='par_1_1' title="bbox 1488 529 1610 593">
     <span class='ocr_line' id='line_1_1' title="bbox 1488 529 1610 593; baseline 0.008 -1"><span class='ocrx_word' id='word_1_1' title='bbox 1488 529 1610 593; x_wconf 87' lang='lat'>113</span> 
     </span>
    </p>
   </div>
   <div class='ocr_carea' id='block_1_2' title="bbox 367 722 2723 3477">
    <p class='ocr_par' dir='ltr' id='par_1_2' title="bbox 367 722 2710 1450">
     <span class='ocr_line' id='line_1_2' title="bbox 370 722 2706 812; baseline 0.001 -24"><span class='ocrx_word' id='word_1_2' title='bbox 370 729 444 788; x_wconf 81' lang='lat' dir='ltr'>ut</span> <span class='ocrx_word' id='word_1_3' title='bbox 522 723 908 811; x_wconf 82' lang='lat' dir='ltr'>Hyperides</span> <span class='ocrx_word' id='word_1_4' title='bbox 924 725 975 807; x_wconf 75' lang='grc'>1)</span> <span class='ocrx_word' id='word_1_5' title='bbox 1058 730 1412 812; x_wconf 84' lang='lat' dir='ltr'>tantopere</span> <span class='ocrx_word' id='word_1_6' title='bbox 1481 724 1742 790; x_wconf 84' lang='lat' dir='ltr'>viribus</span> <span class='ocrx_word' id='word_1_7' title='bbox 1824 722 2168 807; x_wconf 82' lang='lat' dir='ltr'>valebant,</span> <span class='ocrx_word' id='word_1_8' title='bbox 2235 730 2311 789; x_wconf 86' lang='lat' dir='ltr'>ut</span> <span class='ocrx_word' id='word_1_9' title='bbox 2381 724 2706 812; x_wconf 85' lang='lat' dir='ltr'>suspicari</span> 
     </span>
     <span class='ocr_line' id='line_1_3' title="bbox 371 829 2709 918; baseline 0.001 -25"><span class='ocrx_word' id='word_1_10' title='bbox 371 830 571 895; x_wconf 80' lang='lat' dir='ltr'>liceat</span> <span class='ocrx_word' id='word_1_11' title='bbox 611 829 1035 916; x_wconf 84' lang='lat' dir='ltr'>aliquantum</span> <span class='ocrx_word' id='word_1_12' title='bbox 1080 831 1402 918; x_wconf 86' lang='lat' dir='ltr'>temporis</span> <span class='ocrx_word' id='word_1_13' title='bbox 1449 829 1791 896; x_wconf 85' lang='lat' dir='ltr'>effluxisse</span> <span class='ocrx_word' id='word_1_14' title='bbox 1823 836 2187 917; x_wconf 74' lang='lat' dir='ltr'><strong>antequam</strong></span> <span class='ocrx_word' id='word_1_15' title='bbox 2234 831 2578 897; x_wconf 87' lang='lat' dir='ltr'>decretum</span> <span class='ocrx_word' id='word_1_16' title='bbox 2624 831 2709 897; x_wconf 94' lang='lat' dir='ltr'>de</span> 
     </span>
     <span class='ocr_line' id='line_1_4' title="bbox 372 935 2706 1003; baseline 0.001 -2"><span class='ocrx_word' id='word_1_17' title='bbox 372 958 446 1001; x_wconf 90' lang='lat' dir='ltr'>eo</span> <span class='ocrx_word' id='word_1_18' title='bbox 489 937 879 1003; x_wconf 84' lang='lat' dir='ltr'>revocando</span> <span class='ocrx_word' id='word_1_19' title='bbox 925 937 1182 1002; x_wconf 88' lang='lat' dir='ltr'>editum</span> <span class='ocrx_word' id='word_1_20' title='bbox 1228 938 1332 1002; x_wconf 89' lang='lat' dir='ltr'>sit.</span> <span class='ocrx_word' id='word_1_21' title='bbox 1427 935 1916 1002; x_wconf 79' lang='lat' dir='ltr'>Verosimiljter</span> <span class='ocrx_word' id='word_1_22' title='bbox 1958 938 2088 1002; x_wconf 90' lang='lat' dir='ltr'>hoc</span> <span class='ocrx_word' id='word_1_23' title='bbox 2141 946 2427 1003; x_wconf 84' lang='lat' dir='ltr'>exeunte</span> <span class='ocrx_word' id='word_1_24' title='bbox 2473 959 2706 1003; x_wconf 88' lang='lat' dir='ltr'>mense</span> 
     </span>
     <span class='ocr_line' id='line_1_5' title="bbox 369 1038 2707 1127; baseline 0.001 -19"><span class='ocrx_word' id='word_1_25' title='bbox 369 1043 737 1109; x_wconf 82' lang='lat' dir='ltr'>Novembri</span> <span class='ocrx_word' id='word_1_26' title='bbox 806 1044 950 1108; x_wconf 88' lang='lat' dir='ltr'>sive</span> <span class='ocrx_word' id='word_1_27' title='bbox 1020 1043 1217 1108; x_wconf 85' lang='lat' dir='ltr'>initio</span> <span class='ocrx_word' id='word_1_28' title='bbox 1287 1038 1678 1108; x_wconf 75' lang='lat' dir='ltr'>Decembris</span> <span class='ocrx_word' id='word_1_29' title='bbox 1748 1042 2008 1108; x_wconf 77' lang='lat' dir='ltr'>factum</span> <span class='ocrx_word' id='word_1_30' title='bbox 2077 1050 2199 1127; x_wconf 87' lang='lat' dir='ltr'>est,</span> <span class='ocrx_word' id='word_1_31' title='bbox 2266 1045 2320 1110; x_wconf 88' lang='lat' dir='ltr'>si</span> <span class='ocrx_word' id='word_1_32' title='bbox 2366 1045 2574 1110; x_wconf 79' lang='lat' dir='ltr'>etiam</span> <span class='ocrx_word' id='word_1_33' title='bbox 2623 1045 2707 1110; x_wconf 79' lang='lat' dir='ltr'>ad</span> 
     </span>
     <span class='ocr_line' id='line_1_6' title="bbox 368 1148 2709 1233; baseline 0.001 -20"><span class='ocrx_word' id='word_1_34' title='bbox 368 1148 543 1215; x_wconf 88' lang='lat' dir='ltr'>hanc</span> <span class='ocrx_word' id='word_1_35' title='bbox 563 1172 709 1214; x_wconf 88' lang='lat' dir='ltr'>rem</span> <span class='ocrx_word' id='word_1_36' title='bbox 748 1150 1161 1214; x_wconf 82' lang='lat' dir='ltr'>attendimus</span> <span class='ocrx_word' id='word_1_37' title='bbox 1185 1149 1711 1216; x_wconf 79' lang='lat' dir='ltr'>Demosthenem</span> <span class='ocrx_word' id='word_1_38' title='bbox 1736 1150 1956 1215; x_wconf 84' lang='lat' dir='ltr'>civem</span> <span class='ocrx_word' id='word_1_39' title='bbox 1972 1150 2458 1216; x_wconf 78' lang='lat' dir='ltr'>Atheniensem</span> <span class='ocrx_word' id='word_1_40' title='bbox 2481 1149 2709 1233; x_wconf 89' lang='lat' dir='ltr'>fuisse,</span> 
     </span>
     <span class='ocr_line' id='line_1_7' title="bbox 369 1255 2710 1344; baseline 0.001 -24"><span class='ocrx_word' id='word_1_41' title='bbox 369 1256 808 1343; x_wconf 85' lang='lat' dir='ltr'>Euphronem</span> <span class='ocrx_word' id='word_1_42' title='bbox 876 1264 1104 1321; x_wconf 84' lang='lat' dir='ltr'>autem</span> <span class='ocrx_word' id='word_1_43' title='bbox 1175 1256 1589 1342; x_wconf 82' lang='lat' dir='ltr'>Sicyonium,</span> <span class='ocrx_word' id='word_1_44' title='bbox 1677 1255 1914 1342; x_wconf 83' lang='lat' dir='ltr'>ilh‘que</span> <span class='ocrx_word' id='word_1_45' title='bbox 1999 1263 2234 1344; x_wconf 90' lang='lat' dir='ltr'>utpote</span> <span class='ocrx_word' id='word_1_46' title='bbox 2302 1257 2437 1323; x_wconf 82' lang='lat' dir='ltr'>civi</span> <span class='ocrx_word' id='word_1_47' title='bbox 2513 1257 2710 1323; x_wconf 88' lang='lat' dir='ltr'>citius</span> 
     </span>
     <span class='ocr_line' id='line_1_8' title="bbox 367 1363 2217 1450; baseline 0.001 -23"><span class='ocrx_word' id='word_1_48' title='bbox 367 1364 746 1449; x_wconf 82' lang='lat' dir='ltr'>praemium</span> <span class='ocrx_word' id='word_1_49' title='bbox 792 1363 1058 1428; x_wconf 85' lang='lat' dir='ltr'>virtutis</span> <span class='ocrx_word' id='word_1_50' title='bbox 1109 1363 1350 1428; x_wconf 83' lang='lat' dir='ltr'>datum</span> <span class='ocrx_word' id='word_1_51' title='bbox 1396 1385 1539 1428; x_wconf 88' lang='lat' dir='ltr'>esse</span> <span class='ocrx_word' id='word_1_52' title='bbox 1587 1385 1794 1450; x_wconf 86' lang='lat' dir='ltr'>quam</span> <span class='ocrx_word' id='word_1_53' title='bbox 1837 1364 2217 1450; x_wconf 85' lang='lat' dir='ltr'>peregrino.</span> 
     </span>
    </p>

    <p class='ocr_par' dir='ltr' id='par_1_3' title="bbox 367 1469 2723 3477">
     <span class='ocr_line' id='line_1_9' title="bbox 455 1469 2707 1538; baseline 0.001 -5"><span class='ocrx_word' id='word_1_54' title='bbox 455 1470 821 1535; x_wconf 70' lang='lat' dir='ltr'>Praeterea,</span> <span class='ocrx_word' id='word_1_55' title='bbox 888 1492 1005 1535; x_wconf 87' lang='lat' dir='ltr'>ara</span> <span class='ocrx_word' id='word_1_56' title='bbox 1071 1469 1116 1536; x_wconf 86' lang='lat' dir='ltr'><strong>J</strong></span> <span class='ocrx_word' id='word_1_57' title='bbox 1120 1469 1266 1535; x_wconf 86' lang='lat' dir='ltr'>ovis</span> <span class='ocrx_word' id='word_1_58' title='bbox 1336 1469 1749 1535; x_wconf 83' lang='lat' dir='ltr'>Liberatoris</span> <span class='ocrx_word' id='word_1_59' title='bbox 1818 1470 1890 1534; x_wconf 91' lang='lat' dir='ltr'>in</span> <span class='ocrx_word' id='word_1_60' title='bbox 1960 1470 2168 1535; x_wconf 89' lang='lat' dir='ltr'>finem</span> <span class='ocrx_word' id='word_1_61' title='bbox 2236 1471 2398 1535; x_wconf 80' lang='lat' dir='ltr'>anni</span> <span class='ocrx_word' id='word_1_62' title='bbox 2443 1471 2507 1536; x_wconf 89' lang='lat' dir='ltr'>ei</span> <span class='ocrx_word' id='word_1_63' title='bbox 2553 1493 2707 1538; x_wconf 92' lang='lat' dir='ltr'>con-</span> 
     </span>
     <span class='ocr_line' id='line_1_10' title="bbox 369 1575 2715 1664; baseline 0.002 -25"><span class='ocrx_word' id='word_1_64' title='bbox 369 1576 695 1640; x_wconf 84' lang='lat' dir='ltr'>struenda</span> <span class='ocrx_word' id='word_1_65' title='bbox 761 1576 1222 1660; x_wconf 76' lang='lat' dir='ltr'>committitur,</span> <span class='ocrx_word' id='word_1_66' title='bbox 1284 1576 1575 1663; x_wconf 78' lang='lat' dir='ltr'>pecum‘a</span> <span class='ocrx_word' id='word_1_67' title='bbox 1665 1575 1942 1664; x_wconf 85' lang='lat' dir='ltr'>publica</span> <span class='ocrx_word' id='word_1_68' title='bbox 2031 1577 2094 1641; x_wconf 89' lang='lat' dir='ltr'>ei</span> <span class='ocrx_word' id='word_1_69' title='bbox 2160 1576 2509 1654; x_wconf 81' lang='lat' dir='ltr'>attributa,</span> <span class='ocrx_word' id='word_1_70' title='bbox 2579 1600 2715 1664; x_wconf 80' lang='lat' dir='ltr'>qua</span> 
     </span>
     <span class='ocr_line' id='line_1_11' title="bbox 373 1680 2714 1762; baseline 0.001 -15"><span class='ocrx_word' id='word_1_71' title='bbox 373 1681 662 1747; x_wconf 75' lang='lat' dir='ltr'>multam</span> <span class='ocrx_word' id='word_1_72' title='bbox 710 1704 901 1748; x_wconf 84' lang='lat' dir='ltr'>suam</span> <span class='ocrx_word' id='word_1_73' title='bbox 947 1680 1242 1749; x_wconf 86' lang='lat' dir='ltr'>solveret</span> <span class='ocrx_word' id='word_1_74' title='bbox 1261 1682 1332 1762; x_wconf 84' lang='grc'>2).</span> <span class='ocrx_word' id='word_1_75' title='bbox 1424 1682 1569 1747; x_wconf 89' lang='lat' dir='ltr'>Nec</span> <span class='ocrx_word' id='word_1_76' title='bbox 1614 1689 1847 1747; x_wconf 83' lang='lat' dir='ltr'>tamen</span> <span class='ocrx_word' id='word_1_77' title='bbox 1914 1683 2082 1747; x_wconf 81' lang='grc'>1111111</span> <span class='ocrx_word' id='word_1_78' title='bbox 2126 1683 2400 1749; x_wconf 81' lang='lat' dir='ltr'>videtur</span> <span class='ocrx_word' id='word_1_79' title='bbox 2444 1706 2714 1750; x_wconf 87' lang='lat' dir='ltr'>necesse</span> 
     </span>
     <span class='ocr_line' id='line_1_12' title="bbox 367 1787 2714 1877; baseline 0.001 -24"><span class='ocrx_word' id='word_1_80' title='bbox 367 1787 576 1854; x_wconf 81' lang='lat' dir='ltr'>fuisse</span> <span class='ocrx_word' id='word_1_81' title='bbox 623 1796 702 1854; x_wconf 92' lang='lat' dir='ltr'>ut</span> <span class='ocrx_word' id='word_1_82' title='bbox 745 1790 893 1877; x_wconf 88' lang='lat' dir='ltr'>ipse</span> <span class='ocrx_word' id='word_1_83' title='bbox 933 1788 1420 1854; x_wconf 80' lang='lat' dir='ltr'>Demosthenes</span> <span class='ocrx_word' id='word_1_84' title='bbox 1483 1789 1609 1854; x_wconf 93' lang='lat' dir='ltr'>hoc</span> <span class='ocrx_word' id='word_1_85' title='bbox 1655 1787 1882 1854; x_wconf 91' lang='lat' dir='ltr'>officio</span> <span class='ocrx_word' id='word_1_86' title='bbox 1950 1788 2494 1877; x_wconf 84' lang='lat' dir='ltr'>perfungeretur,</span> <span class='ocrx_word' id='word_1_87' title='bbox 2557 1812 2714 1856; x_wconf 92' lang='lat' dir='ltr'>cum</span> 
     </span>
     <span class='ocr_line' id='line_1_13' title="bbox 371 1895 2716 1984; baseline 0.001 -24"><span class='ocrx_word' id='word_1_88' title='bbox 371 1898 594 1984; x_wconf 89' lang='lat' dir='ltr'>specie</span> <span class='ocrx_word' id='word_1_89' title='bbox 640 1903 909 1962; x_wconf 80' lang='lat' dir='ltr'>tantum</span> <span class='ocrx_word' id='word_1_90' title='bbox 955 1895 1210 1962; x_wconf 82' lang='lat' dir='ltr'>multae</span> <span class='ocrx_word' id='word_1_91' title='bbox 1258 1895 1627 1961; x_wconf 84' lang='lat' dir='ltr'>solvendae</span> <span class='ocrx_word' id='word_1_92' title='bbox 1673 1918 1876 1961; x_wconf 79' lang='lat' dir='ltr'>causa</span> <span class='ocrx_word' id='word_1_93' title='bbox 1917 1896 2087 1961; x_wconf 79' lang='lat' dir='ltr'>haec</span> <span class='ocrx_word' id='word_1_94' title='bbox 2130 1918 2236 1962; x_wconf 91' lang='lat' dir='ltr'>res</span> <span class='ocrx_word' id='word_1_95' title='bbox 2276 1896 2340 1961; x_wconf 89' lang='lat' dir='ltr'>ei</span> <span class='ocrx_word' id='word_1_96' title='bbox 2362 1897 2716 1962; x_wconf 75' lang='lat' dir='ltr'>commissa</span> 
     </span>
     <span class='ocr_line' id='line_1_14' title="bbox 371 2001 2715 2085; baseline 0 -18"><span class='ocrx_word' id='word_1_97' title='bbox 371 2003 458 2067; x_wconf 84' lang='lat' dir='ltr'>sit</span> <span class='ocrx_word' id='word_1_98' title='bbox 479 2004 548 2085; x_wconf 86' lang='lat'>3).</span> <span class='ocrx_word' id='word_1_99' title='bbox 601 2003 857 2082; x_wconf 76' lang='lat' dir='ltr'>Quodsi</span> <span class='ocrx_word' id='word_1_100' title='bbox 899 2002 1188 2069; x_wconf 85' lang='lat' dir='ltr'>Athenis</span> <span class='ocrx_word' id='word_1_101' title='bbox 1235 2001 1494 2085; x_wconf 89' lang='lat' dir='ltr'>fuisset,</span> <span class='ocrx_word' id='word_1_102' title='bbox 1542 2003 1918 2068; x_wconf 76' lang='lat' dir='ltr'>necessario</span> <span class='ocrx_word' id='word_1_103' title='bbox 1963 2003 2339 2069; x_wconf 79' lang='lat' dir='ltr'>orationem</span> <span class='ocrx_word' id='word_1_104' title='bbox 2361 2002 2715 2068; x_wconf 87' lang='lat' dir='ltr'>funebrem</span> 
     </span>
     <span class='ocr_line' id='line_1_15' title="bbox 370 2109 2716 2196; baseline 0 -22"><span class='ocrx_word' id='word_1_105' title='bbox 370 2111 443 2174; x_wconf 91' lang='lat' dir='ltr'>in</span> <span class='ocrx_word' id='word_1_106' title='bbox 506 2110 908 2176; x_wconf 88' lang='lat' dir='ltr'>Leosthenis</span> <span class='ocrx_word' id='word_1_107' title='bbox 974 2111 1301 2175; x_wconf 91' lang='lat' dir='ltr'>honorem</span> <span class='ocrx_word' id='word_1_108' title='bbox 1390 2110 1462 2175; x_wconf 92' lang='lat' dir='ltr'>in</span> <span class='ocrx_word' id='word_1_109' title='bbox 1533 2109 1880 2176; x_wconf 81' lang='lat' dir='ltr'>Ceramico</span> <span class='ocrx_word' id='word_1_110' title='bbox 1968 2109 2334 2192; x_wconf 82' lang='lat' dir='ltr'>habuisset,</span> <span class='ocrx_word' id='word_1_111' title='bbox 2407 2109 2716 2196; x_wconf 86' lang='lat' dir='ltr'>neglecto</span> 
     </span>
     <span class='ocr_line' id='line_1_16' title="bbox 371 2216 2718 2305; baseline 0 -24"><span class='ocrx_word' id='word_1_112' title='bbox 371 2217 747 2305; x_wconf 86' lang='lat' dir='ltr'>Hyperide.</span> <span class='ocrx_word' id='word_1_113' title='bbox 839 2217 986 2283; x_wconf 89' lang='lat' dir='ltr'>Mos</span> <span class='ocrx_word' id='word_1_114' title='bbox 1036 2218 1216 2282; x_wconf 76' lang='lat' dir='ltr'>enim</span> <span class='ocrx_word' id='word_1_115' title='bbox 1263 2224 1409 2282; x_wconf 84' lang='lat' dir='ltr'>erat</span> <span class='ocrx_word' id='word_1_116' title='bbox 1452 2224 1531 2282; x_wconf 87' lang='lat' dir='ltr'>ut</span> <span class='ocrx_word' id='word_1_117' title='bbox 1599 2216 2129 2305; x_wconf 80' lang='lat' dir='ltr'>spectatissimus</span> <span class='ocrx_word' id='word_1_118' title='bbox 2198 2223 2266 2281; x_wconf 90' lang='lat' dir='ltr'>et</span> <span class='ocrx_word' id='word_1_119' title='bbox 2311 2216 2718 2282; x_wconf 84' lang='lat' dir='ltr'>clarissimus</span> 
     </span>
     <span class='ocr_line' id='line_1_17' title="bbox 371 2322 2718 2409; baseline 0 -21"><span class='ocrx_word' id='word_1_120' title='bbox 371 2325 661 2409; x_wconf 87' lang='lat' dir='ltr'>quisque</span> <span class='ocrx_word' id='word_1_121' title='bbox 705 2322 989 2389; x_wconf 88' lang='lat' dir='ltr'>solemni</span> <span class='ocrx_word' id='word_1_122' title='bbox 1034 2322 1208 2389; x_wconf 77' lang='lat' dir='ltr'>festo</span> <span class='ocrx_word' id='word_1_123' title='bbox 1255 2323 1328 2388; x_wconf 92' lang='lat' dir='ltr'>in</span> <span class='ocrx_word' id='word_1_124' title='bbox 1375 2323 1512 2389; x_wconf 87' lang='lat' dir='ltr'>fine</span> <span class='ocrx_word' id='word_1_125' title='bbox 1582 2325 1745 2388; x_wconf 83' lang='lat' dir='ltr'>anni</span> <span class='ocrx_word' id='word_1_126' title='bbox 1806 2324 2181 2390; x_wconf 79' lang='lat' dir='ltr'>orationem</span> <span class='ocrx_word' id='word_1_127' title='bbox 2243 2322 2600 2388; x_wconf 87' lang='lat' dir='ltr'>funebrem</span> <span class='ocrx_word' id='word_1_128' title='bbox 2644 2324 2718 2388; x_wconf 90' lang='lat' dir='ltr'>in</span> 
     </span>
     <span class='ocr_line' id='line_1_18' title="bbox 370 2429 2719 2516; baseline 0 -22"><span class='ocrx_word' id='word_1_129' title='bbox 370 2429 696 2495; x_wconf 90' lang='lat' dir='ltr'>honorem</span> <span class='ocrx_word' id='word_1_130' title='bbox 766 2431 911 2494; x_wconf 84' lang='lat' dir='ltr'>acie</span> <span class='ocrx_word' id='word_1_131' title='bbox 977 2451 1325 2497; x_wconf 78' lang='lat' dir='ltr'>caesorum</span> <span class='ocrx_word' id='word_1_132' title='bbox 1393 2431 1675 2495; x_wconf 88' lang='lat' dir='ltr'>haberet</span> <span class='ocrx_word' id='word_1_133' title='bbox 1719 2434 1806 2512; x_wconf 80' lang='lat'>4),</span> <span class='ocrx_word' id='word_1_134' title='bbox 1900 2430 2081 2516; x_wconf 89' lang='lat' dir='ltr'>quod</span> <span class='ocrx_word' id='word_1_135' title='bbox 2158 2430 2507 2515; x_wconf 86' lang='lat' dir='ltr'>negotium</span> <span class='ocrx_word' id='word_1_136' title='bbox 2577 2437 2719 2495; x_wconf 87' lang='lat' dir='ltr'>tam</span> 
     </span>
     <span class='ocr_line' id='line_1_19' title="bbox 368 2536 2717 2618; baseline -0 -17"><span class='ocrx_word' id='word_1_137' title='bbox 368 2536 820 2602; x_wconf 86' lang='lat' dir='ltr'>honorificum</span> <span class='ocrx_word' id='word_1_138' title='bbox 886 2538 1096 2602; x_wconf 80' lang='lat' dir='ltr'>etiam</span> <span class='ocrx_word' id='word_1_139' title='bbox 1164 2558 1344 2602; x_wconf 82' lang='lat' dir='ltr'>anno</span> <span class='ocrx_word' id='word_1_140' title='bbox 1407 2537 1539 2602; x_wconf 84' lang='lat'>338</span> <span class='ocrx_word' id='word_1_141' title='bbox 1613 2536 2056 2602; x_wconf 83' lang='lat' dir='ltr'>Demostheni</span> <span class='ocrx_word' id='word_1_142' title='bbox 2125 2536 2557 2602; x_wconf 89' lang='lat' dir='ltr'>commissum</span> <span class='ocrx_word' id='word_1_143' title='bbox 2598 2544 2717 2618; x_wconf 88' lang='lat' dir='ltr'>est,</span> 
     </span>
     <span class='ocr_line' id='line_1_20' title="bbox 371 2642 2721 2731; baseline -0 -21"><span class='ocrx_word' id='word_1_144' title='bbox 371 2645 686 2731; x_wconf 84' lang='lat' dir='ltr'>quamvis</span> <span class='ocrx_word' id='word_1_145' title='bbox 754 2643 1010 2709; x_wconf 77' lang='lat' dir='ltr'>inimici</span> <span class='ocrx_word' id='word_1_146' title='bbox 1055 2644 1119 2709; x_wconf 90' lang='lat' dir='ltr'>ei</span> <span class='ocrx_word' id='word_1_147' title='bbox 1166 2645 1510 2710; x_wconf 83' lang='lat' dir='ltr'>adversati</span> <span class='ocrx_word' id='word_1_148' title='bbox 1558 2645 1696 2710; x_wconf 91' lang='lat' dir='ltr'>sint</span> <span class='ocrx_word' id='word_1_149' title='bbox 1721 2648 1790 2727; x_wconf 82' lang='lat'>5).</span> <span class='ocrx_word' id='word_1_150' title='bbox 1885 2642 2201 2709; x_wconf 88' lang='lat' dir='ltr'>Profecto</span> <span class='ocrx_word' id='word_1_151' title='bbox 2266 2649 2494 2710; x_wconf 81' lang='lat' dir='ltr'>autem</span> <span class='ocrx_word' id='word_1_152' title='bbox 2539 2665 2721 2709; x_wconf 90' lang='lat' dir='ltr'>nunc</span> 
     </span>
     <span class='ocr_line' id='line_1_21' title="bbox 371 2748 2717 2839; baseline 0 -24"><span class='ocrx_word' id='word_1_153' title='bbox 371 2751 650 2815; x_wconf 90' lang='lat' dir='ltr'>demum</span> <span class='ocrx_word' id='word_1_154' title='bbox 694 2757 848 2839; x_wconf 83' lang='lat' dir='ltr'>post</span> <span class='ocrx_word' id='word_1_155' title='bbox 892 2751 1189 2815; x_wconf 88' lang='lat' dir='ltr'>reditum</span> <span class='ocrx_word' id='word_1_156' title='bbox 1235 2750 1379 2836; x_wconf 91' lang='lat' dir='ltr'>ejus</span> <span class='ocrx_word' id='word_1_157' title='bbox 1429 2751 1630 2837; x_wconf 89' lang='lat' dir='ltr'>longe</span> <span class='ocrx_word' id='word_1_158' title='bbox 1678 2751 2085 2820; x_wconf 78' lang='lat' dir='ltr'>clarissimus</span> <span class='ocrx_word' id='word_1_159' title='bbox 2141 2750 2444 2815; x_wconf 82' lang='lat' dir='ltr'>omnium</span> <span class='ocrx_word' id='word_1_160' title='bbox 2490 2748 2625 2815; x_wconf 82' lang='lat' dir='ltr'>fuit</span> <span class='ocrx_word' id='word_1_161' title='bbox 2645 2750 2717 2838; x_wconf 84' lang='grc'>6)</span> 
     </span>
     <span class='ocr_line' id='line_1_22' title="bbox 367 2856 2718 2942; baseline -0.001 -21"><span class='ocrx_word' id='word_1_162' title='bbox 367 2856 532 2922; x_wconf 84' lang='lat' dir='ltr'>Mea</span> <span class='ocrx_word' id='word_1_163' title='bbox 603 2857 879 2942; x_wconf 88' lang='lat' dir='ltr'>quidem</span> <span class='ocrx_word' id='word_1_164' title='bbox 948 2858 1287 2923; x_wconf 80' lang='lat' dir='ltr'>sententia</span> <span class='ocrx_word' id='word_1_165' title='bbox 1349 2858 1687 2923; x_wconf 88' lang='lat' dir='ltr'>Diodorus</span> <span class='ocrx_word' id='word_1_166' title='bbox 1753 2858 2030 2940; x_wconf 63' lang='lat'>1813,</span> <span class='ocrx_word' id='word_1_167' title='bbox 2102 2878 2257 2922; x_wconf 90' lang='lat' dir='ltr'>cum</span> <span class='ocrx_word' id='word_1_168' title='bbox 2318 2857 2597 2924; x_wconf 81' lang='lat' dir='ltr'>scribat:</span> <span class='ocrx_word' id='word_1_169' title='bbox 2653 2857 2718 2941; x_wconf 80' lang='lat'>„0‘</span> 
     </span>
     <span class='ocr_line' id='line_1_23' title="bbox 378 2961 2719 3050; baseline 0 -24"><span class='ocrx_word' id='word_1_170' title='bbox 378 2963 532 3050; x_wconf 72' lang='grc' dir='ltr'>7,μὲν</span> <span class='ocrx_word' id='word_1_171' title='bbox 577 2961 762 3041; x_wconf 79' lang='grc' dir='ltr'><strong><em>δῆμος</em></strong></span> <span class='ocrx_word' id='word_1_172' title='bbox 807 2967 923 3027; x_wconf 78' lang='grc' dir='ltr'>τῶν</span> <span class='ocrx_word' id='word_1_173' title='bbox 969 2961 1315 3037; x_wconf 67' lang='grc' dir='ltr'><strong><em>Αθηναίων</em></strong></span> <span class='ocrx_word' id='word_1_174' title='bbox 1361 2964 1459 3028; x_wconf 83' lang='grc' dir='ltr'>τὸν</span> <span class='ocrx_word' id='word_1_175' title='bbox 1508 2962 1835 3045; x_wconf 69' lang='grc' dir='ltr'><strong><em>ἐπιτάφιον</em></strong></span> <span class='ocrx_word' id='word_1_176' title='bbox 1878 2962 2118 3027; x_wconf 79' lang='grc' dir='ltr'><strong><em>ἔπαινον</em></strong></span> <span class='ocrx_word' id='word_1_177' title='bbox 2142 2965 2327 3028; x_wconf 77' lang='grc' dir='ltr'><strong><em>εἰπεῖν</em></strong></span> <span class='ocrx_word' id='word_1_178' title='bbox 2353 2961 2719 3044; x_wconf 77' lang='grc' dir='ltr'><em>προσέταξεν</em></span> 
     </span>
     <span class='ocr_line' id='line_1_24' title="bbox 376 3070 2718 3156; baseline -0.001 -22"><span class='ocrx_word' id='word_1_179' title='bbox 376 3071 742 3156; x_wconf 55' lang='lat' dir='ltr'>„Trapezam</span> <span class='ocrx_word' id='word_1_180' title='bbox 772 3120 785 3134; x_wconf 95' lang='lat'><strong>.</strong></span> <span class='ocrx_word' id='word_1_181' title='bbox 815 3120 828 3133; x_wconf 90' lang='lat'><strong>.</strong></span> <span class='ocrx_word' id='word_1_182' title='bbox 859 3121 869 3133; x_wconf 95' lang='lat'><strong>.</strong></span> <span class='ocrx_word' id='word_1_183' title='bbox 901 3119 915 3133; x_wconf 89' lang='lat'><strong>.</strong></span> <span class='ocrx_word' id='word_1_184' title='bbox 966 3073 1111 3133; x_wconf 86' lang='grc' dir='ltr'><strong><em>κατ’</em></strong></span> <span class='ocrx_word' id='word_1_185' title='bbox 1157 3071 1370 3135; x_wconf 78' lang='grc' dir='ltr'><strong><em>ἐκεῖνον</em></strong></span> <span class='ocrx_word' id='word_1_186' title='bbox 1419 3070 1542 3150; x_wconf 71' lang='grc' dir='ltr'>γὰρ</span> <span class='ocrx_word' id='word_1_187' title='bbox 1613 3071 1715 3134; x_wconf 82' lang='grc' dir='ltr'>τὸν</span> <span class='ocrx_word' id='word_1_188' title='bbox 1761 3070 1959 3149; x_wconf 81' lang='grc' dir='ltr'><strong><em>καιρὸν</em></strong></span> <span class='ocrx_word' id='word_1_189' title='bbox 2006 3071 2032 3133; x_wconf 83' lang='lat'>0‘</span> <span class='ocrx_word' id='word_1_190' title='bbox 2079 3070 2190 3148; x_wconf 79' lang='grc' dir='ltr'>μὲν</span> <span class='ocrx_word' id='word_1_191' title='bbox 2238 3074 2564 3150; x_wconf 77' lang='grc' dir='ltr'><strong><em>κορυφαῖος</em></strong></span> <span class='ocrx_word' id='word_1_192' title='bbox 2601 3074 2718 3133; x_wconf 82' lang='grc' dir='ltr'>τῶν</span> 
     </span>
     <span class='ocr_line' id='line_1_25' title="bbox 378 3174 2721 3264; baseline 0 -24"><span class='ocrx_word' id='word_1_193' title='bbox 378 3174 721 3264; x_wconf 63' lang='grc' dir='ltr'>7,Ἀθήνησι</span> <span class='ocrx_word' id='word_1_194' title='bbox 792 3176 1033 3257; x_wconf 82' lang='grc' dir='ltr'><strong><em>ῥητόρων</em></strong></span> <span class='ocrx_word' id='word_1_195' title='bbox 1105 3175 1497 3254; x_wconf 68' lang='grc' dir='ltr'><em>Δημοσθένης</em></span> <span class='ocrx_word' id='word_1_196' title='bbox 1569 3176 1973 3256; x_wconf 71' lang='grc' dir='ltr'><strong><em>ἐπεφεύγει”,</em></strong></span> <span class='ocrx_word' id='word_1_197' title='bbox 2058 3198 2333 3241; x_wconf 83' lang='lat' dir='ltr'>causam</span> <span class='ocrx_word' id='word_1_198' title='bbox 2405 3176 2721 3263; x_wconf 75' lang='lat' dir='ltr'>explicat,</span> 
     </span>
     <span class='ocr_line' id='line_1_26' title="bbox 373 3281 2722 3368; baseline -0 -20"><span class='ocrx_word' id='word_1_199' title='bbox 373 3283 882 3348; x_wconf 81' lang='lat' dir='ltr'>excusationem</span> <span class='ocrx_word' id='word_1_200' title='bbox 951 3283 1298 3368; x_wconf 80' lang='lat' dir='ltr'>quandam</span> <span class='ocrx_word' id='word_1_201' title='bbox 1368 3282 1586 3367; x_wconf 85' lang='lat' dir='ltr'>affert,</span> <span class='ocrx_word' id='word_1_202' title='bbox 1660 3304 1781 3348; x_wconf 89' lang='lat' dir='ltr'>cur</span> <span class='ocrx_word' id='word_1_203' title='bbox 1840 3282 2351 3365; x_wconf 80' lang='lat' dir='ltr'>DemostheneS‚</span> <span class='ocrx_word' id='word_1_204' title='bbox 2400 3284 2512 3347; x_wconf 91' lang='lat' dir='ltr'>cui</span> <span class='ocrx_word' id='word_1_205' title='bbox 2555 3281 2722 3347; x_wconf 86' lang='lat' dir='ltr'>haec</span> 
     </span>
     <span class='ocr_line' id='line_1_27' title="bbox 369 3387 2723 3477; baseline -0 -24"><span class='ocrx_word' id='word_1_206' title='bbox 369 3412 483 3453; x_wconf 87' lang='lat' dir='ltr'>res</span> <span class='ocrx_word' id='word_1_207' title='bbox 552 3397 790 3476; x_wconf 87' lang='lat' dir='ltr'>utpote</span> <span class='ocrx_word' id='word_1_208' title='bbox 856 3388 1149 3477; x_wconf 84' lang='lat' dir='ltr'>principi</span> <span class='ocrx_word' id='word_1_209' title='bbox 1219 3397 1562 3455; x_wconf 83' lang='lat' dir='ltr'>oratorum</span> <span class='ocrx_word' id='word_1_210' title='bbox 1654 3389 2141 3455; x_wconf 79' lang='lat' dir='ltr'>committenda</span> <span class='ocrx_word' id='word_1_211' title='bbox 2219 3387 2477 3472; x_wconf 82' lang='lat' dir='ltr'>fuisset,</span> <span class='ocrx_word' id='word_1_212' title='bbox 2547 3389 2723 3454; x_wconf 80' lang='lat' dir='ltr'>hanc</span> 
     </span>
    </p>
   </div>
   <div class='ocr_carea' id='block_1_3' title="bbox 383 3570 624 3576">
    <p class='ocr_par' dir='ltr' id='par_1_4' title="bbox 383 3570 624 3576">
     <span class='ocr_line' id='line_1_28' title="bbox 383 3570 624 3576; baseline 0 0"><span class='ocrx_word' id='word_1_213' title='bbox 383 3570 624 3576; x_wconf 95' lang='lat' dir='ltr'> </span> 
     </span>
    </p>
   </div>
   <div class='ocr_carea' id='block_1_4' title="bbox 428 3663 1013 3732">
    <p class='ocr_par' dir='ltr' id='par_1_5' title="bbox 428 3663 1013 3732">
     <span class='ocr_line' id='line_1_29' title="bbox 428 3663 1013 3732; baseline -0.005 -14"><span class='ocrx_word' id='word_1_214' title='bbox 428 3664 479 3732; x_wconf 85' lang='lat'>1)</span> <span class='ocrx_word' id='word_1_215' title='bbox 514 3666 707 3730; x_wconf 84' lang='lat' dir='ltr'>Droys.</span> <span class='ocrx_word' id='word_1_216' title='bbox 748 3664 795 3717; x_wconf 81' lang='lat'>2.</span> <span class='ocrx_word' id='word_1_217' title='bbox 838 3664 887 3718; x_wconf 91' lang='grc'>1.</span> <span class='ocrx_word' id='word_1_218' title='bbox 928 3663 1013 3718; x_wconf 89' lang='grc'>61.</span> 
     </span>
    </p>
   </div>
   <div class='ocr_carea' id='block_1_5' title="bbox 429 3753 2721 3909">
    <p class='ocr_par' dir='ltr' id='par_1_6' title="bbox 429 3753 2721 3909">
     <span class='ocr_line' id='line_1_30' title="bbox 429 3753 1227 3816; baseline -0.003 -8"><span class='ocrx_word' id='word_1_219' title='bbox 429 3754 482 3816; x_wconf 81' lang='lat'>2)</span> <span class='ocrx_word' id='word_1_220' title='bbox 521 3753 783 3808; x_wconf 83' lang='lat' dir='ltr'>Schaefer</span> <span class='ocrx_word' id='word_1_221' title='bbox 819 3754 976 3807; x_wconf 85' lang='lat' dir='ltr'>Dem.</span> <span class='ocrx_word' id='word_1_222' title='bbox 1016 3753 1066 3806; x_wconf 85' lang='lat'>3.</span> <span class='ocrx_word' id='word_1_223' title='bbox 1107 3753 1227 3807; x_wconf 86' lang='lat'><strong>370.</strong></span> 
     </span>
     <span class='ocr_line' id='line_1_31' title="bbox 431 3839 2721 3909; baseline -0.001 -14"><span class='ocrx_word' id='word_1_224' title='bbox 431 3841 480 3909; x_wconf 87' lang='lat'>3)</span> <span class='ocrx_word' id='word_1_225' title='bbox 518 3842 664 3895; x_wconf 73' lang='lat' dir='ltr'>Plut.</span> <span class='ocrx_word' id='word_1_226' title='bbox 721 3843 1003 3896; x_wconf 80' lang='lat' dir='ltr'>Demosth.</span> <span class='ocrx_word' id='word_1_227' title='bbox 1042 3842 1126 3895; x_wconf 81' lang='grc'>27.</span> <span class='ocrx_word' id='word_1_228' title='bbox 1182 3844 1273 3900; x_wconf 72' lang='grc' dir='ltr'>τῆς</span> <span class='ocrx_word' id='word_1_229' title='bbox 1310 3840 1362 3891; x_wconf 76' lang='grc' dir='ltr'>δὲ</span> <span class='ocrx_word' id='word_1_230' title='bbox 1398 3846 1716 3906; x_wconf 72' lang='grc' dir='ltr'><strong><em>χρηματικῆς</em></strong></span> <span class='ocrx_word' id='word_1_231' title='bbox 1752 3839 1937 3904; x_wconf 78' lang='grc' dir='ltr'><strong><em>ζημίας</em></strong></span> <span class='ocrx_word' id='word_1_232' title='bbox 1973 3840 2110 3908; x_wconf 69' lang='grc' dir='ltr'><strong><em>αὐτῷ</em></strong></span> <span class='ocrx_word' id='word_1_233' title='bbox 2148 3840 2380 3904; x_wconf 74' lang='grc' dir='ltr'>μενούσης</span> <span class='ocrx_word' id='word_1_234' title='bbox 2417 3839 2721 3906; x_wconf 75' lang='grc' dir='ltr'><strong><em>ἐσοφίσαντο</em></strong></span> 
     </span>
    </p>
   </div>
   <div class='ocr_carea' id='block_1_6' title="bbox 374 3932 2725 4529">
    <p class='ocr_par' dir='ltr' id='par_1_7' title="bbox 375 3932 810 3994">
     <span class='ocr_line' id='line_1_32' title="bbox 375 3932 810 3994; baseline 0 -14"><span class='ocrx_word' id='word_1_235' title='bbox 375 3933 496 3994; x_wconf 76' lang='grc' dir='ltr'><strong><em>πρὸς</em></strong></span> <span class='ocrx_word' id='word_1_236' title='bbox 531 3932 615 3981; x_wconf 77' lang='grc' dir='ltr'>τὸν</span> <span class='ocrx_word' id='word_1_237' title='bbox 653 3933 810 3992; x_wconf 83' lang='grc' dir='ltr'><strong><em>νόμον.</em></strong></span> 
     </span>
    </p>

    <p class='ocr_par' dir='ltr' id='par_1_8' title="bbox 374 4017 2723 4174">
     <span class='ocr_line' id='line_1_33' title="bbox 432 4017 2723 4086; baseline 0.004 -25"><span class='ocrx_word' id='word_1_238' title='bbox 432 4020 483 4084; x_wconf 88' lang='lat'>4)</span> <span class='ocrx_word' id='word_1_239' title='bbox 522 4021 691 4074; x_wconf 86' lang='lat' dir='ltr'>Thuc.</span> <span class='ocrx_word' id='word_1_240' title='bbox 730 4021 780 4073; x_wconf 93' lang='grc'>2.</span> <span class='ocrx_word' id='word_1_241' title='bbox 818 4020 887 4073; x_wconf 83' lang='grc'>34</span> <span class='ocrx_word' id='word_1_242' title='bbox 923 4021 1036 4083; x_wconf 72' lang='grc' dir='ltr'><strong><em>ἀνὴρ</em></strong></span> <span class='ocrx_word' id='word_1_243' title='bbox 1073 4018 1295 4086; x_wconf 65' lang='grc' dir='ltr'><strong><em>ἡρημένος</em></strong></span> <span class='ocrx_word' id='word_1_244' title='bbox 1332 4018 1426 4068; x_wconf 76' lang='grc' dir='ltr'>ὑπὸ</span> <span class='ocrx_word' id='word_1_245' title='bbox 1463 4026 1554 4079; x_wconf 74' lang='grc' dir='ltr'>τῆς</span> <span class='ocrx_word' id='word_1_246' title='bbox 1590 4022 1776 4074; x_wconf 76' lang='grc' dir='ltr'><strong><em>πόλεως</em></strong></span> <span class='ocrx_word' id='word_1_247' title='bbox 1810 4018 1860 4077; x_wconf 78' lang='grc' dir='ltr'>ὃς</span> <span class='ocrx_word' id='word_1_248' title='bbox 1896 4017 1953 4068; x_wconf 70' lang='grc' dir='ltr'>ἂν</span> <span class='ocrx_word' id='word_1_249' title='bbox 1990 4018 2160 4084; x_wconf 69' lang='grc' dir='ltr'><strong><em>γνώμῃ</em></strong></span> <span class='ocrx_word' id='word_1_250' title='bbox 2195 4037 2253 4069; x_wconf 86' lang='grc' dir='ltr'>τε</span> <span class='ocrx_word' id='word_1_251' title='bbox 2273 4018 2384 4083; x_wconf 71' lang='grc' dir='ltr'><strong><em>δοκῇ</em></strong></span> <span class='ocrx_word' id='word_1_252' title='bbox 2403 4019 2472 4081; x_wconf 68' lang='grc' dir='ltr'>μὴ</span> <span class='ocrx_word' id='word_1_253' title='bbox 2492 4017 2723 4080; x_wconf 77' lang='grc' dir='ltr'><strong><em>ἀξόνετος</em></strong></span> 
     </span>
     <span class='ocr_line' id='line_1_34' title="bbox 374 4105 1140 4174; baseline -0.001 -15"><span class='ocrx_word' id='word_1_254' title='bbox 374 4106 505 4160; x_wconf 73' lang='grc' dir='ltr'><strong><em>εἶναι</em></strong></span> <span class='ocrx_word' id='word_1_255' title='bbox 541 4107 628 4157; x_wconf 78' lang='grc' dir='ltr'>καῖ</span> <span class='ocrx_word' id='word_1_256' title='bbox 663 4105 914 4169; x_wconf 76' lang='grc' dir='ltr'><strong><em>ἀξιώματι</em></strong></span> <span class='ocrx_word' id='word_1_257' title='bbox 946 4107 1140 4174; x_wconf 69' lang='grc' dir='ltr'>προήκῃ.</span> 
     </span>
    </p>

    <p class='ocr_par' dir='ltr' id='par_1_9' title="bbox 377 4194 2725 4439">
     <span class='ocr_line' id='line_1_35' title="bbox 433 4194 2723 4265; baseline 0 -17"><span class='ocrx_word' id='word_1_258' title='bbox 433 4197 481 4265; x_wconf 87' lang='grc'>5)</span> <span class='ocrx_word' id='word_1_259' title='bbox 521 4197 804 4253; x_wconf 80' lang='lat' dir='ltr'>Demosth.</span> <span class='ocrx_word' id='word_1_260' title='bbox 841 4198 962 4252; x_wconf 85' lang='grc'>320.</span> <span class='ocrx_word' id='word_1_261' title='bbox 1002 4199 1069 4251; x_wconf 89' lang='grc'>24</span> <span class='ocrx_word' id='word_1_262' title='bbox 1107 4202 1390 4262; x_wconf 80' lang='grc' dir='ltr'><strong><em>χειροτονῶν</em></strong></span> <span class='ocrx_word' id='word_1_263' title='bbox 1428 4201 1524 4262; x_wconf 75' lang='grc' dir='ltr'>γὰρ</span> <span class='ocrx_word' id='word_1_264' title='bbox 1562 4198 1587 4247; x_wconf 81' lang='grc' dir='ltr'><strong><em>ὁ</em></strong></span> <span class='ocrx_word' id='word_1_265' title='bbox 1624 4196 1774 4259; x_wconf 69' lang='grc' dir='ltr'><strong><em>δῆμος</em></strong></span> <span class='ocrx_word' id='word_1_266' title='bbox 1809 4199 1895 4246; x_wconf 79' lang='grc' dir='ltr'>τὸν</span> <span class='ocrx_word' id='word_1_267' title='bbox 1923 4194 2104 4259; x_wconf 75' lang='grc' dir='ltr'><strong><em>ἐροῦντ’</em></strong></span> <span class='ocrx_word' id='word_1_268' title='bbox 2122 4194 2205 4246; x_wconf 76' lang='grc' dir='ltr'>ἐπὶ</span> <span class='ocrx_word' id='word_1_269' title='bbox 2223 4200 2327 4255; x_wconf 77' lang='grc' dir='ltr'><strong><em>τοῖς</em></strong></span> <span class='ocrx_word' id='word_1_270' title='bbox 2348 4203 2723 4257; x_wconf 82' lang='grc' dir='ltr'><strong><em>τετελευτηκόσι</em></strong></span> 
     </span>
     <span class='ocr_line' id='line_1_36' title="bbox 377 4284 2725 4354; baseline 0.001 -18"><span class='ocrx_word' id='word_1_271' title='bbox 377 4295 499 4349; x_wconf 74' lang='grc' dir='ltr'><strong><em>παρ’</em></strong></span> <span class='ocrx_word' id='word_1_272' title='bbox 536 4286 669 4337; x_wconf 70' lang='grc' dir='ltr'><strong><em>αὐτὰ</em></strong></span> <span class='ocrx_word' id='word_1_273' title='bbox 717 4290 787 4336; x_wconf 71' lang='grc' dir='ltr'>τὰ</span> <span class='ocrx_word' id='word_1_274' title='bbox 836 4288 1106 4349; x_wconf 76' lang='grc' dir='ltr'><strong><em>συμβάντα</em></strong></span> <span class='ocrx_word' id='word_1_275' title='bbox 1142 4287 1195 4338; x_wconf 75' lang='grc' dir='ltr'>οὐ</span> <span class='ocrx_word' id='word_1_276' title='bbox 1233 4289 1290 4336; x_wconf 76' lang='grc' dir='ltr'>σὲ</span> <span class='ocrx_word' id='word_1_277' title='bbox 1329 4289 1466 4353; x_wconf 82' lang='lat' dir='ltr'>(scil.</span> <span class='ocrx_word' id='word_1_278' title='bbox 1485 4289 1835 4354; x_wconf 81' lang='lat' dir='ltr'>Aeschinem)</span> <span class='ocrx_word' id='word_1_279' title='bbox 1871 4284 2206 4351; x_wconf 75' lang='grc' dir='ltr'><strong><em>ἐχειροτόνησε</em></strong></span> <span class='ocrx_word' id='word_1_280' title='bbox 2240 4286 2581 4351; x_wconf 64' lang='grc' dir='ltr'><strong><em>προβληθέντα</em></strong></span> <span class='ocrx_word' id='word_1_281' title='bbox 2617 4287 2725 4338; x_wconf 74' lang='grc' dir='ltr'><strong><em>οὐδὲ</em></strong></span> 
     </span>
     <span class='ocr_line' id='line_1_37' title="bbox 378 4373 1660 4439; baseline 0.004 -16"><span class='ocrx_word' id='word_1_282' title='bbox 378 4373 619 4437; x_wconf 76' lang='grc' dir='ltr'><strong><em>Δημάδην</em></strong></span> <span class='ocrx_word' id='word_1_283' title='bbox 641 4412 653 4424; x_wconf 93' lang='grc'>.</span> <span class='ocrx_word' id='word_1_284' title='bbox 678 4412 690 4425; x_wconf 86' lang='grc'>.</span> <span class='ocrx_word' id='word_1_285' title='bbox 714 4416 725 4428; x_wconf 94' lang='grc'>.</span> <span class='ocrx_word' id='word_1_286' title='bbox 765 4376 885 4425; x_wconf 74' lang='grc' dir='ltr'><strong><em>ἀλλ’</em></strong></span> <span class='ocrx_word' id='word_1_287' title='bbox 921 4373 1027 4439; x_wconf 75' lang='grc' dir='ltr'>ἐμέ.</span> <span class='ocrx_word' id='word_1_288' title='bbox 1068 4378 1212 4431; x_wconf 80' lang='lat' dir='ltr'>Plut.</span> <span class='ocrx_word' id='word_1_289' title='bbox 1254 4377 1535 4431; x_wconf 74' lang='lat' dir='ltr'>Demosth.</span> <span class='ocrx_word' id='word_1_290' title='bbox 1575 4378 1660 4430; x_wconf 84' lang='grc'>21.</span> 
     </span>
    </p>

    <p class='ocr_par' dir='ltr' id='par_1_10' title="bbox 436 4462 2098 4529">
     <span class='ocr_line' id='line_1_38' title="bbox 436 4462 2098 4529; baseline 0.001 -13"><span class='ocrx_word' id='word_1_291' title='bbox 436 4462 486 4529; x_wconf 82' lang='grc'>6)</span> <span class='ocrx_word' id='word_1_292' title='bbox 523 4464 665 4518; x_wconf 82' lang='lat' dir='ltr'>Plut.</span> <span class='ocrx_word' id='word_1_293' title='bbox 706 4465 990 4520; x_wconf 79' lang='lat' dir='ltr'>Demosth.</span> <span class='ocrx_word' id='word_1_294' title='bbox 1034 4467 1100 4518; x_wconf 82' lang='grc'>27</span> <span class='ocrx_word' id='word_1_295' title='bbox 1138 4466 1202 4525; x_wconf 74' lang='grc' dir='ltr'>ὡς</span> <span class='ocrx_word' id='word_1_296' title='bbox 1240 4464 1438 4528; x_wconf 79' lang='grc' dir='ltr'><strong><em>βέλτιον</em></strong></span> <span class='ocrx_word' id='word_1_297' title='bbox 1479 4464 1803 4526; x_wconf 77' lang='grc' dir='ltr'><strong><em>Ἀλκιβιάδου</em></strong></span> <span class='ocrx_word' id='word_1_298' title='bbox 1841 4465 2098 4517; x_wconf 78' lang='grc' dir='ltr'><strong><em>κατιόντα.</em></strong></span> 
     </span>
    </p>
   </div>
   <div class='ocr_carea' id='block_1_7' title="bbox 2476 4562 2512 4614">
    <p class='ocr_par' dir='ltr' id='par_1_11' title="bbox 2476 4562 2512 4614">
     <span class='ocr_line' id='line_1_39' title="bbox 2476 4562 2512 4614; baseline 0 0"><span class='ocrx_word' id='word_1_299' title='bbox 2476 4562 2512 4614; x_wconf 89' lang='grc'>8</span> 
     </span>
    </p>
   </div>
  </div>
 </body>
</html>
