3338 5350
1552 498 1682 561 133

442 695 643 781 piciis
692 695 967 759 summis
1013 693 1213 758 rebus
1260 695 1633 781 praefectos
1680 717 1824 760 esse
1850 694 1918 775 1).
2006 694 2319 760 Fortasse
2365 715 2623 775 verum,
2671 694 2788 758 sed

444 809 596 865 tum
644 802 850 866 etiam
899 801 1381 888 suspicandum
1428 806 1530 865 est
1574 802 1935 887 Lyciscum
1963 800 2354 887 Olympiadi
2380 800 2789 883 successisse,

445 909 561 973 cui
609 909 907 973 Aeacida
935 908 1219 995 perinde
1265 907 1595 974 obnoxius
1642 906 1869 973 fuerat
1899 908 1970 990 2).
2021 907 2169 973 Hoc
2191 914 2463 971 tantum
2506 913 2790 990 constat,

447 1013 814 1080 Cassandri
858 1015 1318 1103 principatum
1357 1014 1517 1080 inde
1566 1014 1652 1079 ab
1701 1014 1829 1081 hoc
1866 1021 2172 1102 tempore
2215 1015 2288 1078 in
2332 1012 2542 1101 Epiro
2566 1013 2791 1078 finna-

448 1127 601 1186 tum
647 1145 806 1202 esse,
855 1123 1430 1210 quemadmodum
1479 1128 1707 1187 autem
1756 1123 2007 1209 Epirus
2054 1143 2092 1187 e
2116 1121 2518 1186 Macedonia
2538 1142 2792 1207 pepen-

450 1229 650 1312 derit,
695 1251 967 1317 prorsus
1016 1230 1429 1315 ignoramus.

542 1335 831 1401 Auxiliis
900 1336 1226 1402 destituta
1291 1336 1537 1423 Pydna
1592 1358 1754 1402 vere
1803 1336 1965 1401 anni
2011 1336 2142 1400 316
2188 1341 2423 1400 coacta
2470 1333 2605 1399 fuit
2651 1356 2794 1398 sese

454 1443 831 1511 Cassandro
896 1444 1183 1526 tradere,
1257 1442 1611 1531 Olympias
1680 1442 1875 1509 brevi
1942 1448 2098 1530 post
2149 1441 2343 1526 jussu
2395 1440 2541 1526 ejus
2587 1441 2793 1505 inter-

448 1550 694 1633 ficitur,
743 1548 1121 1615 Cassander
1164 1551 1326 1615 inde
1352 1550 1599 1615 abhinc
1623 1550 2067 1615 Macedoniae
2092 1550 2477 1635 imperavit,
2497 1548 2795 1612 maxima

450 1679 616 1721 cura
639 1656 980 1722 liberatus,
1028 1657 1543 1723 Matrimonium
1583 1657 1739 1721 iniit
1778 1679 1932 1722 cum
1971 1655 2443 1720 Thessalonice
2489 1653 2795 1741 Philippi

449 1762 614 1846 filia,
686 1787 820 1850 quo
888 1764 1017 1829 sibi
1086 1764 1380 1852 speciem
1438 1763 1611 1849 juris
1653 1764 1989 1849 regnandi
2035 1764 2261 1844 daret3
2323 1763 2485 1827 inde
2534 1762 2618 1826 ab
2665 1762 2797 1826 hoc

449 1878 756 1958 tempore
822 1871 1104 1936 historia
1171 1868 1536 1935 Cassandri
1605 1870 1681 1935 in
1751 1892 1964 1935 unum
2030 1871 2216 1936 cadit
2283 1891 2437 1935 cum
2513 1868 2795 1933 historia

451 1977 911 2061 Macedoniae,
983 1998 1158 2063 quae
1227 1999 1408 2042 nunc
1475 1982 1746 2042 tantum
1833 1977 1918 2041 ad
2003 1977 2310 2062 regiones
2378 1977 2453 2041 in
2520 1977 2797 2062 Europa

449 2083 838 2171 pertinebat
885 2082 999 2171 (cf.
1047 2106 1203 2171 pag.
1257 2084 1430 2170 121).
1478 2082 1985 2171 Polysperchon
2034 2092 2262 2149 autem
2309 2085 2543 2149 audita
2580 2090 2794 2148 morte

453 2187 877 2277 Olympiadis
944 2191 1017 2254 in
1084 2190 1428 2256 Aetoliam
1495 2190 1827 2276 confugit,
1898 2198 1975 2255 ut
2019 2190 2159 2255 illic
2205 2198 2528 2257 eventum
2572 2212 2797 2255 rerum

454 2303 862 2383 expectaret.

505 4362 555 4423 1)
600 4361 763 4415 Niese
805 4362 853 4414 1.
894 4361 1014 4415 252.

503 4452 555 4516 2)
594 4451 900 4521 Hyperides
935 4452 998 4505 fr.
1040 4451 1088 4505 1.
1128 4453 1154 4516 ἓ
1192 4450 1259 4504 18
1300 4468 1416 4518 sqq.
