3338 5350
1648 523 1777 590 160

631 721 913 789 Praeter
956 724 1264 810 regiones
1312 726 1395 791 ad
1443 724 1664 813 ipsam
1709 723 2179 790 Macedoniam
2214 722 2652 810 pe1tinenteS‚
2679 720 2888 787 etiam

544 830 845 897 Paeonia
892 854 933 896 a
977 832 1385 918 Lysimacho
1434 833 1521 898 ad
1566 832 1930 920 imperium
1976 852 2173 896 suum
2235 836 2457 895 tracta
2524 835 2643 894 est.
2734 828 2888 893 Rex

544 938 905 1003 Audoleon
970 960 1235 1027 semper
1303 940 1746 1005 amicissimus
1816 937 1950 1003 fuit
2012 936 2438 1023 Lysimacho.
2534 936 2669 1001 Sed
2730 940 2887 1022 post

545 1045 750 1130 hujus
816 1052 1122 1128 mortem,
1195 1068 1369 1132 quae
1439 1047 1624 1111 cadit
1695 1057 1850 1132 post
1920 1066 2174 1109 annum
2241 1043 2373 1108 285
2424 1049 2500 1108 ut
2564 1048 2756 1130 patet
2801 1063 2888 1107 ex

546 1149 619 1217 O.
667 1151 720 1216 Ι.
769 1153 854 1217 Α.
923 1152 995 1217 II
1041 1154 1170 1218 312
1239 1153 1575 1239 (Dittenb.
1631 1153 1805 1239 195),
1873 1151 2054 1218 filius
2125 1149 2269 1236 ejus
2337 1150 2615 1215 Ariston
2673 1170 2886 1235 regno

545 1258 780 1347 pulsus
849 1282 890 1325 a
959 1259 1367 1346 Lysimacho
1432 1260 1506 1325 in
1551 1260 1843 1347 patriam
1892 1259 2210 1324 reductus
2272 1256 2549 1343 quidem
2596 1264 2715 1340 est,
2765 1256 2886 1321 sed

545 1365 656 1431 hic
707 1366 943 1431 eodem
990 1377 1294 1455 tempore
1337 1373 1559 1433 totum
1596 1389 1886 1453 regnum
1930 1366 2181 1431 finibus
2242 1365 2377 1430 suis
2424 1364 2693 1449 adjecit,
2740 1363 2889 1451 ipse

543 1471 826 1538 Ariston
869 1482 1140 1539 coactus
1190 1473 1325 1539 fuit
1371 1496 1515 1539 sese
1560 1473 1869 1539 conferre
1915 1474 2002 1538 ad
2047 1472 2404 1538 Dardanos
2431 1473 2507 1549 1).

632 1579 878 1666 Pugna
926 1580 1108 1669 apud
1157 1580 1615 1668 Corypedium
1660 1581 1824 1645 anni
1869 1580 1996 1645 281
2046 1578 2254 1645 finem
2298 1578 2584 1665 imperio
2610 1583 2678 1641 et
2699 1576 2890 1642 vitae

545 1684 940 1773 Lysimachi
1004 1687 1188 1753 fecit.
1284 1688 1603 1753 Seleucus
1672 1689 1891 1754 victor
1949 1687 2024 1751 in
2088 1686 2436 1774 Europam
2491 1684 2763 1751 transiit
2809 1690 2892 1749 ut

543 1793 684 1858 illic
729 1816 956 1859 rerum
1000 1794 1353 1881 potiretur,
1402 1795 1520 1860 sed
1566 1794 1680 1859 hic
1718 1794 1864 1879 jam
1909 1792 2141 1881 paullo
2185 1799 2358 1879 post,
2424 1791 2658 1856 eodem
2707 1812 2889 1856 anno

545 1923 586 1965 a
634 1900 1028 1967 Ptolemaeo
1076 1899 1383 1967 Cerauno
1430 1900 1826 1966 interfectus
1865 1907 1986 1985 est,
2058 1901 2176 1986 qui
2236 1900 2382 1986 ipse
2451 1898 2536 1962 ab
2584 1899 2889 1962 exercitu

547 2028 667 2073 suo
714 2007 985 2093 agnitus
1024 2014 1129 2073 est
1171 2014 1249 2072 ut
1293 2029 1414 2073 rex
1459 2007 1785 2074 Thraciae
1832 2014 1901 2072 et
1945 2007 2408 2073 Macedoniae.

1135 2484 1175 2561 ἓ
1220 2483 1283 2552 2.
1357 2479 1444 2549 De
1493 2477 1804 2549 Gallorum
1851 2479 2292 2549 invasionibus.

639 2705 775 2770 Sed
842 2706 1115 2771 tametsi
1184 2705 1531 2772 Ceraunus
1600 2706 1690 2771 ab
1752 2708 2051 2772 exercitu
2097 2707 2606 2794 agnoscebatur,
2655 2711 2894 2770 tamen

548 2812 716 2876 haec
759 2835 865 2877 res
911 2811 1102 2878 nullo
1148 2812 1349 2879 modo
1394 2813 1885 2901 impedimento
1952 2812 2088 2879 fuit
2132 2814 2491 2900 quominus
2541 2812 2625 2877 ab
2673 2811 2893 2876 omni-

546 2925 743 3007 parte
806 2918 1109 3006 pericula
1176 2941 1387 3005 regno
1456 2920 1599 3005 ejus
1664 2919 2119 2985 imminerent.
2209 2919 2256 2985 J
2260 2941 2370 2984 am
2430 2919 2659 2984 statim
2707 2917 2895 2981 enim

549 3032 820 3091 coactus
890 3032 1037 3090 erat
1081 3023 1477 3091 Seleucidae
1522 3025 1863 3092 Antiocho
1897 3025 2283 3112 relinquere
2322 3031 2591 3113 partem
2636 3022 2894 3089 Asiati-

551 3154 701 3197 cam
746 3132 1016 3220 imperii
1058 3132 1484 3218 Lysimachi3
1531 3133 1606 3197 in
1648 3134 1926 3221 Europa
1966 3139 2194 3198 autem
2216 3132 2404 3197 haud
2430 3132 2650 3196 minus
2674 3129 2899 3198 validi

552 3240 922 3304 adversarii
983 3245 1217 3304 contra
1262 3262 1416 3304 eum
1454 3239 1879 3324 exstiterunt,
1949 3262 2194 3328 nempe
2237 3238 2540 3325 Pyrrhus
2583 3238 2896 3326 Epirota,

550 3345 937 3431 Antigonus
1007 3346 1331 3430 Gonatas,
1399 3335 1618 3433 neque
1665 3347 1889 3411 minus
1934 3346 2311 3412 Antiochus
2367 3345 2496 3411 sibi
2540 3345 2897 3411 vindicare

549 3452 881 3540 pergebat
924 3458 1190 3539 partem
1236 3453 1504 3540 imperii
1546 3454 1817 3540 paterni
1862 3453 1936 3517 in
1978 3453 2254 3541 Europa
2300 3452 2520 3517 sitam.

640 3558 910 3646 Epirus,
978 3559 1394 3646 temporibus
1461 3558 1790 3647 Philippi,
1864 3558 2240 3625 Alexandri
2289 3565 2357 3623 et
2402 3558 2898 3624 diadochorum

552 3664 1053 3754 quodammodo
1104 3686 1257 3730 cum
1302 3663 1707 3731 Macedonia
1752 3666 2134 3748 cohaerens,
2196 3667 2477 3731 tandem
2540 3687 2581 3731 a
2624 3663 2897 3750 Pyrrho

552 3774 625 3839 in
689 3772 966 3861 plenam
1031 3771 1420 3837 libertatem
1479 3775 1812 3857 restituta,
1854 3772 2269 3860 amplificata
2312 3778 2477 3855 erat,
2525 3792 2681 3835 cum
2730 3770 2899 3836 Am-

549 3880 779 3945 bracia
823 3879 984 3943 urbs
1030 3878 1223 3943 sedes
1266 3880 1462 3965 regni
1505 3878 1690 3944 facta
1736 3886 1910 3944 esset
1930 3880 2004 3966 2).
2098 3877 2316 3944 Simul
2375 3876 2778 3965 Tymphaea
2826 3883 2901 3942 et

551 3981 923 4067 Paravaea,
968 3984 1361 4071 provinciae
1410 4007 1584 4071 quae
1632 3985 2053 4072 aliquamdiu
2099 3986 2185 4051 ad
2223 3985 2693 4050 Macedoniam
2738 4004 2899 4070 per-

551 4093 920 4175 tinuerunt,
968 4113 1179 4177 regno
1228 4090 1590 4176 adjunctae
1627 4098 1839 4157 erant.

607 4306 654 4373 1)
691 4306 952 4376 Polyaen.
989 4307 1040 4360 4.
1079 4305 1163 4359 12.
1204 4306 1288 4359 13.
1326 4305 1486 4359 Diod.
1524 4306 1608 4358 21.
1650 4306 1719 4359 13
1756 4306 1958 4369 (Tzetz.
1995 4307 2135 4361 Hist.
2172 4308 2223 4361 6.
2262 4307 2371 4370 53).

607 4395 657 4462 2)
693 4396 840 4449 Plut.
877 4396 1075 4465 Pyrrh.
1111 4395 1163 4448 6.
1204 4395 1404 4449 Strabo
1441 4395 1561 4448 325.
1610 4394 1841 4455 μάλιστα
1879 4393 1924 4444 δ’
1941 4393 2207 4458 ἐκόσμησεν
2245 4395 2404 4453 αὐτὴν
2431 4394 2614 4458 Πύρρος
2649 4396 2900 4464 βασιλείῳ

556 4483 864 4549 χρησάμενος
898 4490 970 4548 τῷ
1008 4485 1161 4547 τόπῳ.
1409 4480 1414 4485 ’
