3338 5350
1528 514 1654 578 153

420 711 596 777 ciam
662 710 1015 793 convertit,
1084 731 1373 796 regnum
1439 710 1774 795 Antigoni
1840 709 2020 774 inter
2080 709 2373 796 reliquos
2418 709 2757 797 principes

424 818 721 883 divisum
764 824 866 883 est
892 817 963 898 1).

513 926 860 1004 Quaenam
925 924 1236 1010 regiones
1304 922 1687 989 Cassandro
1755 924 2122 989 attributae
2190 926 2344 1006 sint,
2406 945 2532 1011 pro
2576 927 2761 988 certo

420 1031 555 1097 dici
622 1053 760 1096 non
826 1036 1070 1117 potest,
1149 1030 1455 1119 profecto
1525 1030 1874 1096 Thessalia
1935 1031 1999 1096 ei
2043 1031 2208 1097 data
2253 1038 2373 1112 est,
2422 1031 2509 1096 de
2552 1031 2762 1119 Epiro

421 1138 594 1203 nihil
636 1144 847 1226 patet.
917 1136 1003 1202 In
1068 1137 1235 1203 Asia
1307 1145 1535 1202 autem
1602 1136 1844 1203 Cilicia
1910 1138 2350 1221 Pleistarcho,
2397 1136 2763 1203 Cassandri

422 1244 622 1310 fratri
665 1246 869 1310 datur
892 1245 967 1330 2),
1015 1268 1081 1310 v.
1129 1244 1609 1327 Wilamowitz,
1680 1244 2062 1331 Antigonos
2107 1268 2174 1310 v.
2223 1245 2557 1332 Karystos
2603 1267 2759 1333 pag.

428 1352 577 1435 198,
645 1353 823 1417 hane
888 1352 1313 1439 provinciam
1360 1351 1801 1418 Macedoniae
1856 1352 2279 1435 adnumerat,
2327 1374 2482 1417 cum
2527 1352 2765 1417 eodem

420 1466 728 1547 tempore
793 1459 1187 1546 suspicetur,
1251 1459 1538 1545 Lyciam
1607 1465 1677 1523 et
1745 1457 2014 1524 Cariam
2080 1459 2302 1524 eidem
2345 1459 2763 1525 Pleistarcho

423 1566 729 1632 addictas
779 1588 941 1631 esse.

509 1674 748 1760 Neque
793 1674 1011 1759 magis
1033 1674 1365 1739 traditum
1410 1679 1514 1739 est
1560 1673 1899 1760 quomodo
1945 1673 2391 1759 Lysimachus
2439 1680 2507 1738 et
2531 1671 2762 1739 Seleu-

423 1803 540 1847 cus
609 1782 961 1846 diviserint
1026 1803 1316 1867 regnum
1381 1781 1756 1866 Antigoni3
1826 1782 1986 1846 satis
2059 1780 2146 1845 sit
2214 1780 2324 1846 hic
2389 1803 2763 1847 memorare

423 1888 909 1973 Lysimachum
951 1893 1220 1974 partem
1264 1886 1755 1953 occidentalem
1801 1893 1872 1953 et
1917 1887 2516 1975 septentrionalem
2559 1887 2765 1953 Asiae

423 1994 704 2060 Minoris
773 1995 1097 2081 adeptum
1167 2016 1330 2060 esse.
1421 1993 1852 2060 Ptolemaeus
1911 1995 1983 2059 in
2031 1994 2364 2060 divisione
2408 1994 2676 2083 imperii
2724 2017 2764 2059 a

422 2102 661 2167 ceteris
707 2122 980 2189 prorsus
1025 2100 1375 2187 neglectus
1421 2107 1541 2166 est.
1608 2101 1930 2167 Seleucus
1976 2107 2213 2167 contra
2256 2103 2388 2167 hac
2433 2102 2766 2167 divisione

422 2209 523 2273 ita
568 2209 783 2273 crevit
849 2215 927 2273 ut
992 2207 1422 2274 Ptolemaeus
1491 2214 1561 2273 et
1624 2208 2073 2295 Lysimachus
2143 2230 2287 2273 sese
2329 2215 2567 2274 contra
2613 2230 2768 2272 eum

425 2315 934 2401 conjungerent,
983 2316 1100 2401 qui
1151 2339 1192 2381 a
1238 2338 1361 2382 sua
1405 2323 1601 2403 parte
1639 2316 1972 2381 Demetrii
2018 2316 2386 2381 amicitiam
2410 2315 2765 2401 quaesivit.

424 2422 808 2487 Demetrius
869 2429 1098 2487 autem
1145 2445 1185 2488 a
1233 2420 1517 2488 Seleuco
1587 2445 1659 2488 se
1730 2424 1804 2486 in
1870 2421 2342 2488 Ptolemaeum
2410 2422 2765 2505 convertit,

424 2551 580 2594 cum
644 2535 1170 2595 consentaneum
1234 2530 1323 2595 sit
1361 2529 1690 2616 suspicari
1736 2552 1890 2595 eum
1938 2530 2145 2595 etiam
2188 2551 2343 2595 cum
2391 2528 2768 2595 Cassandro

423 2657 664 2725 pacem
702 2635 943 2702 fecisse
969 2634 1059 2722 3);
1130 2637 1327 2723 eique
1396 2658 1602 2726 supra
1666 2636 1961 2724 reliquas
2006 2637 2459 2726 possessiones
2503 2659 2767 2704 conces-

424 2768 569 2811 sam
615 2767 759 2810 esse
805 2744 1131 2829 Ciliciam,
1199 2746 1282 2810 iis
1330 2751 1557 2811 autem
1605 2745 2125 2828 conditionibus,
2173 2752 2252 2810 ut
2295 2768 2436 2812 non
2480 2745 2769 2833 amplius

422 2853 593 2917 fines
643 2874 795 2918 suos
844 2852 1306 2939 amplificaret.
1399 2853 1704 2939 Pyrrhus
1760 2853 2065 2940 Epirota,
2112 2852 2326 2918 frater
2370 2854 2768 2918 Deidamiae

422 2958 651 3024 uxoris
697 2959 1028 3024 Demetrii
1075 2960 1267 3025 obses
1320 2960 1407 3025 ad
1453 2958 1922 3026 Ptolemaeum
1968 2960 2207 3024 missus
2254 2966 2374 3024 est.

513 3066 796 3130 Interim
857 3064 1144 3130 Athenis
1203 3088 1310 3131 res
1359 3073 1661 3132 mutatae
1723 3072 1899 3132 sunt.
1992 3068 2378 3132 Auctoritas
2425 3065 2771 3132 fautorum

424 3179 495 3238 et
541 3172 970 3238 adulatorum
1016 3172 1365 3256 Demetrii,
1440 3171 1795 3239 Stratoclis
1851 3195 2006 3238 cum
2053 3173 2395 3239 sodalibus
2442 3174 2597 3258 suis,
2646 3174 2769 3238 im-

424 3280 690 3345 minuta
758 3285 894 3364 est3
963 3279 1298 3345 moderati
1379 3280 1532 3363 viri,
1597 3279 2143 3367 olympiodorus,
2213 3279 2636 3368 Philippides
2703 3288 2772 3347 et

422 3386 877 3452 Demochares
945 3385 1146 3451 rebus
1211 3386 1724 3474 praeficiuntur.
1818 3386 2108 3452 Videtur
2176 3386 2552 3453 Cassander
2618 3411 2772 3476 pro-

424 3493 642 3559 fectus
712 3516 856 3559 esse
921 3500 999 3559 ut
1071 3493 1437 3579 subjiceret
1525 3493 1997 3576 Athenienses,
2094 3494 2366 3560 videtur
2432 3496 2772 3562 obsedisse

422 3599 737 3665 Elateam
764 3599 834 3683 4),
885 3622 1039 3664 cum
1086 3598 1611 3687 olympiodorus
1657 3600 1920 3665 civibus
1966 3601 2152 3666 urbis
2192 3602 2518 3666 auxilium
2542 3602 2770 3687 ferret,

425 3706 544 3794 qui
584 3708 792 3772 etiam
835 3729 1037 3794 opem
1093 3708 1367 3794 rogavit
1413 3713 1480 3772 et
1530 3707 1818 3795 adeptus
1885 3713 1989 3772 est
2037 3708 2122 3773 ab
2168 3706 2430 3774 Aetolis
2456 3708 2526 3792 5),
2599 3733 2771 3796 quae

480 3951 526 4020 1)
563 3952 757 4023 Polyb.
795 3951 845 4005 5.
884 3951 969 4004 67.
1011 3953 1067 4004 et
1101 3950 1187 4004 28.
1226 3949 1297 4003 20
1324 3950 1454 4014 (17).
1492 3950 1540 4003 6.
1583 3966 1706 4017 sqq.

477 4041 525 4103 2)
564 4041 711 4095 Plut.
750 4040 996 4094 Demetr.
1034 4039 1120 4093 31.

479 4129 527 4196 3)
562 4131 725 4184 Niese
763 4130 811 4182 1.
845 4128 966 4182 355.
1007 4128 1151 4183 Plut.
1192 4128 1434 4182 Demetr.
1475 4129 1560 4182 32.
1602 4129 1702 4178 Καὶ
1738 4131 1893 4180 Φίλαν
1930 4130 2020 4187 τὴν
2056 4132 2274 4194 γυναῖκα
2310 4134 2425 4194 πρὸς
2462 4131 2774 4196 Κάσσανδρον

425 4217 621 4282 ’έπεμψε
657 4220 742 4268 τὸν
779 4216 1010 4281 ἀδελφὸν,
1046 4216 1420 4279 ἀπολυσομένην
1451 4219 1548 4275 τὰς
1582 4220 1940 4284 Πλειστάρχου
1977 4221 2294 4283 κατηγορίας.

481 4307 531 4375 4)
568 4310 739 4363 Paus.
780 4308 863 4362 10.
904 4307 987 4361 18.
1027 4307 1075 4360 7.

479 4396 526 4466 5)
563 4399 731 4453 Faus.
772 4399 818 4450 l.
857 4397 942 4450 26.
979 4397 1028 4450 3.
1066 4396 1165 4447 Καὶ
1199 4399 1259 4446 τὸ
1298 4399 1622 4462 συμμαχικὸν
1658 4401 1815 4447 τοῦτο
1845 4395 2045 4464 ἐγένετο
2066 4400 2344 4457 Ἀθηναίοις
2363 4398 2524 4449 dlv-mv
2543 4400 2774 4463 μάλιστα

430 4484 690 4552 διαφυγεῖν
726 4489 812 4536 τὸν
852 4484 1170 4549 Κασσάνδρου
1206 4489 1437 4549 πόλεμον,
