3338 5350
1555 513 1680 578 167

449 733 747 796 egressos
812 733 953 776 esse
1013 710 1205 774 nulla
1248 709 1383 775 alia
1429 731 1633 775 causa
1680 732 1885 795 quam
1932 709 2019 774 ad
2068 709 2370 796 Delphos
2417 709 2786 776 defenden-

451 819 633 901 dum,
699 840 853 884 cum
899 817 1044 904 ipse
1089 816 1277 881 100118
1328 816 1423 881 810
1470 816 1741 881 audiat:
1807 815 2139 892 ὑπόμνημα
2196 817 2339 902 7530,-
2385 815 2635 902 5⁴)dess
2683 826 2791 891 τῆς

452 924 769 1002 γενομένης
832 924 977 1003 πρὸς
1038 922 1179 995 τοὺς
1242 921 1594 1002 βαρβάρους
1654 923 1791 994 τοὺς
1842 921 2518 1008 ἐπισ(τ)ροιτεύο·οιντοος
2566 922 2677 987 ἐπί
2719 947 2789 986 τε

449 1032 586 1103 τοὺς
633 1031 952 1105 “Έλληνοις
998 1029 1104 1094 καὶ
1152 1030 1219 1093 τὸ
1267 1035 1369 1094 τοῦ
1415 1026 1807 1101 Ἀπόλλωνος
1851 1030 1990 1109 ἱερὸν
2029 1031 2094 1093 τὸ
2120 1030 2300 1093 κοινὸν
2325 1033 2439 1093 τῶν
2466 1030 2789 1103 Ἑλλήνων,

453 1142 557 1219 ἐφ’
619 1134 712 1212 οὓς
772 1138 877 1203 καὶ
937 1139 962 1202 o‘
1029 1138 1215 1215 δῆμος
1278 1136 1682 1224 ἕξεπεμπε(ν)
1746 1137 1884 1208 τούς
1947 1161 2016 1201 τε
2079 1136 2438 1209 ἐπιλέκτους
2501 1137 2605 1201 καὶ
2653 1138 2792 1213 τοὺς

452 1247 664 1318 ἱππεῖς
711 1244 1331 1330 συναγωνιουμένῷυς)
1380 1244 1528 1324 ὑπὲρ
1575 1252 1686 1318 τῆς
1728 1252 1916 1317 κοινῆς
1964 1242 2278 1323 σωτηρίοις.
2318 1243 2601 1309 Μ11111110
2641 1268 2792 1311 11100

443 1353 702 1440 judicio
749 1353 924 1418 hanc
970 1375 1114 1417 rem
1162 1352 1248 1417 ad
1297 1351 1471 1417 solos
1519 1351 1821 1439 Delphos
1867 1351 2139 1417 trahere
2183 1352 2345 1416 licet

541 1461 792 1527 Contra
838 1459 1227 1547 opinionem
1272 1457 1336 1522 v¹
1396 1458 1457 1524 di
1515 1480 1651 1523 van
1700 1457 1951 1523 Gelder
1998 1457 2084 1522 de
2132 1457 2502 1522 debilitatis
2550 1458 2792 1524 civita-

448 1568 651 1651 tibuS,
745 1565 1077 1653 imprimis
1169 1565 1478 1647 Athenis,
1576 1565 1782 1630 etiam
1875 1564 2002 1630 hoc
2093 1564 2342 1629 addere
2411 1564 2661 1629 velim:
2758 1589 2794 1630 e

451 1672 793 1739 Pausania
861 1680 1146 1760 apparet
1219 1673 1459 1738 urbem
1501 1672 1710 1738 etiam
1757 1679 1904 1737 tum
1950 1678 2302 1758 tamquam
2347 1671 2793 1759 principalem

451 1781 776 1847 Graeciae
864 1780 1360 1845 consideratam
1444 1802 1606 1861 esse,
1685 1785 1755 1843 et
1820 1779 1872 1843 si
1940 1778 2082 1843 ulla
2141 1799 2308 1863 gens
2376 1778 2793 1865 temporibus

451 1888 806 1954 Gallorum
860 1886 1231 1951 invasionis
1286 1907 1609 1973 oppressa
1655 1886 1762 1969 sit,
1814 1893 1961 1950 tum
2009 1893 2188 1950 certe
2234 1883 2444 1949 fuisse
2482 1885 2791 1966 Boeotos„

450 1996 567 2081 qui
643 1994 1084 2060 nihilominus
1154 2014 1478 2079 magnam
1524 1993 1669 2058 vim
1718 1991 2068 2080 copiarum
2112 1992 2457 2058 miserunt.

540 2102 700 2166 Alia
759 2100 970 2186 igitur
1030 2122 1234 2165 causa
1294 2100 1685 2186 quaerenda
1746 2106 1851 2164 est
1909 2121 2026 2164 cur
2079 2099 2435 2164 dumtaxat
2482 2099 2791 2164 civitates

450 2208 799 2296 proximae
845 2207 1145 2294 periculo
1189 2228 1314 2294 pro
1362 2205 1622 2271 viribus
1672 2206 1809 2270 suis
1861 2206 2089 2293 copias
2128 2206 2435 2271 miserint
2461 2206 2545 2270 ad
2570 2205 2794 2270 hostes

452 2314 898 2402 repellendos

540 2423 663 2486 Est
709 2443 814 2487 res
860 2443 1035 2507 quae
1083 2443 1203 2508 per
1249 2428 1467 2486 totam
1507 2421 1923 2486 Graecorum
1946 2420 2295 2486 historiam
2320 2420 2568 2485 iterum
2591 2426 2796 2506 atque

451 2529 700 2594 iterum
761 2550 902 2594 sese
965 2529 1160 2594 nobis
1223 2528 1442 2611 offert,
1513 2549 1759 2615 nempe
1820 2528 2239 2613 negligentia
2297 2534 2367 2592 et
2409 2527 2691 2610 invidia,
2741 2527 2797 2591 si

454 2636 561 2702 vis
606 2636 839 2702 odium
883 2635 1265 2702 civitatium
1314 2635 1729 2701 Graecarum
1775 2635 1954 2700 inter
2000 2656 2088 2702 se.
2137 2634 2184 2701 J
2188 2657 2299 2700 am
2337 2634 2497 2700 inde
2537 2656 2577 2699 a
2600 2633 2796 2700 bellis

455 2744 739 2808 Persicis
809 2742 1301 2830 negligentiam
1370 2742 1563 2808 illam
1630 2742 2038 2826 invenimuS,
2107 2764 2330 2829 neque
2377 2742 2796 2829 temporibus

456 2851 912 2916 Macedonicis
960 2850 1259 2915 evanuit.

543 2957 915 3024 Pausanias
963 2958 1162 3040 enim,
1212 2979 1368 3022 011111
1415 2956 1717 3042 loquitur
1739 2957 1825 3021 de
1849 2979 2083 3044 pugna
2107 2957 2291 3044 apud
2315 2956 2794 3039 Chaeroneam,

456 3065 760 3152 queritur
826 3086 964 3129 non
1032 3065 1248 3129 minos
1311 3086 1422 3129 eos
1477 3085 1707 3129 servos
1765 3063 1981 3130 factos
2030 3086 2173 3128 esse
2217 3064 2336 3149 qui
2383 3062 2796 3129 Graecorum

453 3196 558 3236 res
605 3171 1048 3257 neglexerint,
1078 3193 1281 3257 quam
1306 3193 1416 3237 eos
1441 3171 1560 3257 qui
1583 3171 1698 3237 vel
1724 3193 1879 3236 cum
1901 3170 2388 3236 Macedonibus
2412 3170 2697 3236 fecerint
2725 3170 2796 3254 1).

459 3279 796 3358 Quantam
861 3300 1134 3366 operam
1182 3279 1675 3345 Demosthenes
1724 3300 1988 3365 semper
2034 3277 2163 3343 sibi
2202 3278 2413 3361 dedit,
2463 3284 2538 3342 ut
2587 3276 2797 3364 expli-

453 3392 637 3450 caret
701 3385 1251 3469 AtheniensibuS,
1317 3387 1525 3451 etiam
1570 3385 1701 3450 sibi
1745 3384 2199 3473 perniciosum
2245 3407 2405 3468 esse,
2457 3385 2513 3449 si
2559 3390 2797 3471 gentes

453 3492 805 3575 finitimae,
855 3493 1165 3578 quamvis
1227 3493 1531 3558 aemulae
1578 3499 1822 3576 essent,
1870 3515 1911 3556 a
1954 3490 2439 3556 Macedonibus
2485 3492 2798 3556 libertate

453 3600 907 3687 privarentur,
994 3622 1115 3664 sua
1209 3606 1433 3665 autem
1512 3600 1806 3664 maxime
1889 3599 2211 3663 interesse
2297 3604 2374 3662 ut
2465 3599 2798 3663 universis

456 3705 732 3771 Graecis
795 3712 1031 3771 contra
1100 3728 1526 3772 communem
1594 3706 1858 3772 hostem
1950 3706 2466 3794 opitularentur.
2560 3706 2802 3772 Boeoti

452 3813 633 3879 bello
668 3813 945 3878 Lamico
971 3813 1411 3879 Macedoniae
1434 3813 1777 3896 faverunt,
1805 3814 1989 3899 quod
2015 3818 2394 3878 metuerent
2417 3836 2505 3879 ne
2528 3813 2800 3880 Thebae

451 3922 527 3986 in
595 3921 937 4006 integrum
1006 3922 1541 4004 restituerentur,
1613 3922 1666 3985 si
1738 3921 1982 3986 Graeci
2051 3920 2344 3986 victores
2409 3923 2797 4005 evaderent,

453 4026 572 4092 alii
633 4027 795 4092 socii
859 4049 1128 4115 quoque
1175 4049 1575 4116 prosperum
1624 4034 1949 4093 eventum
1994 4049 2221 4093 rerum
2269 4035 2802 4116 expectaverunt

506 4295 555 4360 1)
593 4296 755 4351 Paus.
796 4297 842 4350 1.
883 4296 966 4349 25.
1007 4296 1056 4349 3.
1114 4297 1173 4345 τὸ
1209 4298 1304 4359 γὰρ
1358 4293 1610 4358 ἀτύχημα
1663 4297 1723 4344 τὸ
1778 4293 1824 4344 ἐν
1883 4295 2150 4359 Χαιρωνείᾳ
2205 4294 2363 4346 ἅπασι
2421 4296 2525 4353 τοῖς
2582 4293 2800 4350 ’Ἕλλησι

453 4383 565 4448 ἦρξε
619 4388 785 4443 κακοῦ,
838 4384 923 4434 καὶ
979 4383 1076 4448 οὐχ
1129 4386 1313 4442 ἥκιστα
1370 4381 1566 4441 δούλους
1614 4385 1815 4441 ἐποίησε
1867 4385 1985 4441 τοὺς
2040 4380 2352 4445 ὑπεριδόντας
2406 4382 2492 4432 καὶ
2530 4382 2630 4432 ὅσοι
2666 4385 2802 4444 μετὰ

454 4473 739 4527 Μακεδόνων
783 4472 1094 4537 ἐτάχθησαν.
