3338 5350
1473 472 1599 535 137

380 671 468 735 de
516 669 759 735 Thebis
803 668 1259 752 restituendis,
1328 668 1683 734 revocavit
1725 667 2084 734 Thebanos
2129 668 2413 752 exsuleS,
2476 669 2722 755 eosque

379 776 452 840 in
529 776 831 863 pristinis
914 778 1047 840 suis
1132 776 1403 840 sedibus
1472 774 1853 860 collocavit,
1921 781 2000 840 ut
2068 776 2339 842 sibimet
2399 776 2529 864 ipsi
2595 775 2725 841 hoc

379 884 583 949 modo
630 889 979 948 aeternam
1023 882 1332 968 gloriam,
1386 889 1455 946 et
1479 881 1851 947 amicitiam
1873 882 2290 967 reliquorum
2311 881 2727 949 Graecorum

380 995 807 1078 compararet
832 988 905 1075 1).
951 988 1226 1055 Boeotis
1284 989 1450 1076 ipsis
1498 994 1756 1073 contra,
1828 988 2074 1075 quibus
2140 988 2406 1068 Thebas
2472 990 2727 1055 instau-

379 1099 599 1163 rando
670 1097 876 1161 etiam
945 1117 1187 1162 causae
1235 1095 1754 1162 altercationum
1802 1101 1872 1162 et
1940 1095 2434 1163 dissensionum
2504 1097 2728 1163 redin-

378 1204 847 1291 tegrabantur,
917 1226 1023 1269 res
1068 1204 1343 1269 omnino
1387 1224 1527 1269 non
1569 1209 1769 1289 grata
1813 1202 1967 1289 fuit,
2036 1226 2192 1270 cum
2260 1206 2535 1292 insuper
2583 1206 2731 1290 agri

379 1310 711 1392 Thebani,
745 1310 900 1397 .qui
965 1316 1120 1397 post
1187 1310 1426 1376 urbem
1493 1311 1793 1376 dirutam
1860 1313 2038 1378 inter
2097 1311 2392 1397 reliquos
2436 1311 2727 1378 Boeotos

380 1417 731 1485 distributi
775 1424 988 1500 erant,
1059 1418 1515 1505 superioribus
1560 1419 2052 1506 possessoribus
2105 1419 2439 1486 reddendi
2483 1425 2728 1484 essent.

379 1526 584 1591 Hanc
650 1525 735 1591 ob
804 1546 949 1590 rem
1020 1524 1226 1590 etiam
1295 1525 1474 1591 bello
1521 1525 1801 1592 Lamico
1850 1548 1891 1592 a
1935 1526 2376 1592 Macedoniae
2420 1525 2729 1613 partibus

381 1636 736 1716 steterunt,
806 1633 990 1717 quod
1032 1631 1203 1697 nihil
1243 1639 1290 1696 'a
1336 1631 1612 1697 Graecis
1660 1633 2031 1699 victoribus
2090 1639 2235 1698 tam
2279 1632 2727 1716 metuebatur,

381 1762 593 1826 quam
637 1761 725 1805 ne
769 1738 1037 1804 Thebas
1082 1740 1516 1805 restituerent
1543 1740 1612 1822 2).
1708 1739 1846 1806 Sed
1892 1740 2138 1826 reliqui
2191 1740 2436 1806 Graeci
2479 1761 2729 1827 magno

381 1844 611 1912 studio
657 1846 1014 1912 Thebanos
1072 1847 1487 1932 adjuverunt
1563 1846 1650 1912 ad
1699 1847 1937 1912 urbem
1982 1848 2520 1931 instaurandam,
2592 1868 2730 1912 non

381 1952 603 2019 solum
646 1954 1115 2038 Athenienses,
1188 1954 1306 2020 sed
1359 1956 1568 2020 etiam
1613 1953 1932 2020 Messenii
1977 1961 2047 2020 et
2091 1954 2390 2020 Arcades
2433 1954 2731 2041 Megalo·

382 2060 675 2149 politani
702 2061 777 2148 3),
824 2060 938 2128 vel
981 2061 1226 2127 Graeci
1274 2083 1356 2127 ex
1402 2060 1657 2146 Magna
1705 2061 1994 2127 Graecia
2043 2067 2112 2126 et
2156 2061 2410 2146 Sicilia,
2461 2084 2545 2126 ex
2564 2061 2732 2126 Asia

381 2168 647 2234 Minore
686 2189 887 2256 opem
923 2167 1248 2251 tulerunt,
1274 2168 1597 2255 pecunias
1645 2168 1975 2233 miserunt
2002 2167 2095 2252 4);
2146 2169 2276 2256 ipsi
2322 2190 2731 2235 successores

380 2275 760 2341 Alexandri
807 2275 1118 2361 interque
1164 2297 1276 2340 eos
1324 2276 1655 2363 imprimis
1702 2275 2151 2358 Ptolemaeus,
2204 2276 2319 2361 qui
2359 2297 2539 2342 anno
2579 2277 2731 2360 308,

382 2404 543 2447 cum
590 2389 747 2447 ante
793 2382 1023 2447 omnia
1068 2381 1204 2446 alia
1251 2382 1319 2447 id
1370 2383 1693 2465 studeret,
1767 2389 1844 2447 ut
1904 2383 2377 2449 auctoritatem
2422 2405 2615 2448 suam
2660 2383 2734 2447 in

382 2488 674 2555 Graecia
740 2488 1062 2572 firmaret,
1131 2487 1508 2555 Philoclem
1578 2490 1871 2555 amicum
1932 2512 2130 2555 suum
2174 2489 2276 2555 bis
2337 2512 2493 2556 cum
2540 2490 2734 2557 donis

379 2594 653 2660 Thebas
698 2594 885 2660 misit
906 2593 977 2666 5).
1039 2593 1303 2661 Eodem
1346 2601 1651 2684 tempore
1701 2603 1929 2662 autem
1977 2604 2264 2685 apparet
2310 2597 2550 2662 urbem
2594 2619 2734 2663 non

382 2703 621 2769 statim
665 2724 800 2769 uno
847 2709 1104 2790 puncto
1151 2704 1474 2791 temporis
1520 2705 1910 2771 restitutam
1941 2727 2104 2789 esse,
2152 2712 2408 2789 contra,
2456 2705 2735 2791 longam

383 2811 627 2876 seriem
698 2831 1030 2875 annorum
1102 2809 1463 2894 effluxisse,
1536 2814 1908 2898 antequam
1979 2812 2219 2890 omnia,
2276 2812 2349 2876 in
2410 2834 2488 2877 eo
2550 2818 2735 2877 statu

384 2924 602 3000 erant,
653 2939 785 3003 quo
834 2923 1038 2983 antea
1081 2917 1380 2983 fuerunt.
1473 2918 1665 2984 Haec
1708 2941 1814 2985 res
1875 2919 2254 3007 explicatur
2299 2919 2736 3007 inscriptione

382 3024 507 3090 illa
565 3024 712 3109 jam
781 3047 986 3113 supra
1052 3025 1283 3108 citata,
1380 3047 1554 3111 quae
1624 3026 1929 3092 continet
1996 3025 2278 3112 longum
2347 3025 2735 3110 catalogum

383 3122 832 3199 donationum
899 3155 1022 3220 per
1089 3131 1367 3218 longam
1407 3133 1651 3198 seriem
1700 3154 2033 3199 annorum
2080 3131 2438 3215 factarum,
2491 3140 2559 3198 et
2604 3133 2736 3220 ipsi

382 3238 866 3306 Thebanorum
911 3240 1175 3306 civitati
1197 3241 1249 3323 6)
1295 3247 1365 3306 et
1412 3241 1538 3306 diis
1586 3262 1755 3327 quos
1801 3240 2109 3306 Thebani
2157 3234 2472 3306 colebant
2496 3241 2590 3327 ⁷):

476 3345 632 3434 Ipse
700 3347 1091 3413 Demetrius
1158 3346 1588 3431 PoliorceteS,
1653 3369 1811 3412 cum
1879 3369 2057 3413 anno
2103 3348 2237 3414 304
2296 3354 2451 3435 post
2496 3369 2735 3435 pacem

384 3475 544 3520 cum
589 3453 877 3519 Rhodiis
927 3453 1184 3520 factam
1230 3454 1304 3518 in
1351 3455 1709 3520 Graeciam
1754 3455 2196 3543 pervenisset,
2248 3455 2739 3540 Boeotiamque

384 3566 456 3627 et
500 3562 680 3648 ipsas
728 3560 993 3626 Thebas
1061 3560 1136 3626 in
1182 3560 1571 3627 libertatem
1638 3561 2148 3646 vindicavisset,
2216 3562 2538 3628 societate
2583 3585 2740 3628 cum

439 3802 488 3867 1)
526 3803 687 3857 Diod.
728 3804 810 3858 19.
850 3803 936 3857 53.
974 3805 1027 3858 2.

438 3891 487 3950 2)
526 3891 685 3947 Diod.
729 3892 812 3948 18.
851 3894 936 3947 11.
973 3894 1026 3947 4.
1066 3892 1231 3948 Paus.
1272 3895 1319 3947 1.
1360 3893 1445 3947 25.
1487 3895 1537 3948 4.

438 3978 485 4049 3)
522 3981 690 4036 Paus.
728 3981 776 4034 9.
818 3982 866 4035 7.
908 3983 955 4035 l.

439 4066 486 4136 4)
523 4068 761 4124 Dittenb.
820 4071 937 4124 176.
997 4088 1072 4125 vs.
1130 4071 1213 4125 16.
1287 4070 1635 4141 (Ἀντιγονεῖες
1692 4072 1772 4122 τοὶ
1827 4071 1880 4122 ἐκ
1926 4079 2021 4132 τᾶς
2078 4073 2290 4138 Τρ)ω·ίας
2348 4071 2613 4131 &cama-lm
2668 4076 2736 4131 cf·

384 4174 513 4211 ann.
552 4159 637 4213 ad.
677 4160 731 4213 h.
771 4160 804 4213 l.

439 4246 487 4315 5)
527 4248 685 4303 Diod.
726 4249 810 4302 19.
849 4248 935 4303 54.
974 4250 1024 4303 2.
1064 4249 1308 4304 Dittenb.
1348 4251 1382 4304 l.
1425 4251 1460 4304 l.
1499 4269 1576 4306 vs.
1623 4252 1706 4304 19.

447 4335 496 4403 ὃ)
531 4337 658 4392 ibid.
696 4356 745 4392 v.
788 4339 875 4392 36.
915 4341 980 4395 τῆ
1017 4340 1160 4402 πόλῳ
1201 4335 1249 4387 ἐν
1284 4341 1371 4389 τὸν
1407 4343 1785 4406 convocato-pedu).

443 4428 487 4494 7)
525 4427 650 4482 ibid.
699 4446 729 4483 v
785 4429 869 4481 27.
908 4426 1250 4496 ἀνέθεικε(τοῖς
1284 4430 1413 4488 θεοῖς
1450 4430 1712 4499 τάλαν)τα
1752 4429 1989 4501 ἕκτη-(όν).
