3338 5350
1512 521 1639 587 145

431 729 524 783 a0.
571 717 705 783 313
750 716 1025 802 factam,
1072 739 1227 784 cum
1272 719 1552 807 insuper
1593 720 1666 784 id
1712 718 2044 807 imprimis
2069 717 2373 784 studeret
2394 725 2470 783 ut
2493 717 2761 785 decreto

423 847 542 890 suo
614 826 794 890 vires
868 848 1023 890 suas
1090 833 1373 911 augeret
1417 826 1488 891 et
1531 826 1603 890 in
1647 827 1945 914 Europa,
2006 826 2076 890 et
2118 827 2191 891 in
2236 826 2420 909 Asia,
2469 826 2764 890 amicitia

425 932 838 998 Graecorum
889 934 1075 998 nisus
1103 932 1177 1017 1),
1225 933 1298 997 in
1342 939 1666 1021 promptu
1711 940 1815 998 est
1860 933 2185 1021 suspicari
2208 954 2364 998 eum
2388 954 2525 998 non
2548 933 2764 998 solum

424 1047 771 1126 spectasse
808 1043 896 1107 ad
941 1040 1143 1106 urbes
1185 1041 1479 1106 Graecas
1523 1041 1596 1105 in
1640 1040 1937 1128 Europa,
1961 1039 2079 1105 ubi
2122 1061 2261 1105 non
2295 1039 2512 1125 magis
2560 1061 2766 1124 quam

423 1145 932 1235 Polysperchon
1003 1148 1368 1232 quicquam
1436 1144 1706 1212 efficere
1772 1152 1938 1234 potu
1946 1148 2017 1230 it,
2084 1147 2215 1212 nisi
2285 1147 2465 1232 quod
2532 1147 2765 1211 turbas

421 1253 777 1318 intestinas
824 1252 1185 1336 excitabat,
1234 1253 1352 1317 sed
1398 1253 1729 1340 imprimis
1787 1253 1876 1317 ad
1921 1252 2119 1317 urbes
2163 1253 2389 1337 Asiae,
2426 1275 2591 1338 quas
2637 1254 2767 1318 sibi

424 1359 567 1423 sine
631 1359 840 1424 dubio
905 1358 1032 1424 hoc
1077 1359 1280 1424 modo
1344 1359 1556 1423 socias
1619 1365 1855 1424 contra
1898 1358 2193 1445 reliquos
2237 1366 2600 1447 praetorem,
2648 1360 2767 1446 qui

424 1487 689 1552 semper
759 1487 992 1530 earum
1058 1464 1355 1529 libertati
1424 1466 1930 1549 insidiarentur,
1996 1472 2505 1553 comparaturus
2568 1474 2764 1533 esset.

422 1572 515 1637 Et
559 1580 846 1638 eventus
894 1574 1100 1637 etiam
1146 1572 1378 1637 docuit
1419 1572 1847 1658 Antigonum
1881 1571 2303 1661 propositum
2348 1595 2545 1637 suum
2592 1593 2768 1639 asse-

423 1685 658 1744 cutum
704 1700 869 1761 esse,
915 1700 1078 1744 nam
1123 1679 1195 1743 in
1240 1678 1419 1744 bello
1467 1679 1650 1765 quod
1682 1679 2062 1745 insecutum
2084 1684 2203 1763 est,
2252 1679 2450 1743 urbes
2494 1678 2765 1744 Ionicae

422 1786 792 1850 fidissimae
860 1786 1080 1851 sociae
1144 1786 1479 1871 Antigoni
1525 1784 1749 1851 factae
1796 1793 1977 1869 sunt,
2050 1785 2163 1851 vel
2207 1784 2419 1851 classe
2464 1786 2526 1850 ei
2571 1807 2769 1873 opem

426 1893 732 1958 tulerunt
758 1893 832 1975 2).
920 1893 1161 1978 Neque
1237 1895 1460 1958 minus
1547 1893 1938 1979 Antigonus
2008 1915 2050 1958 a
2116 1915 2239 1958 sua
2302 1899 2496 1981 parte
2562 1893 2769 1958 fidem

424 2001 743 2065 servavit.
851 1999 1085 2086 Usque
1177 2001 1265 2065 ad
1347 2022 1654 2088 pugnam
1741 2001 1924 2088 apud
2008 2001 2244 2088 Ipsum
2301 1999 2501 2065 urbes
2562 1999 2767 2066 Asiae

425 2105 705 2171 Minoris
746 2105 1000 2171 liberae
1044 2113 1461 2191 manserunt,
1487 2109 1876 2172 autonomia
1898 2113 1965 2171 et
1989 2107 2126 2172 suis
2149 2107 2480 2172 institutis
2519 2105 2768 2171 fruitae

426 2220 584 2278 sunt
613 2213 690 2297 3).
761 2213 906 2278 Has
974 2213 1060 2279 ob
1129 2236 1363 2279 causas
1422 2215 1649 2302 potius
1711 2214 2013 2280 virorum
2059 2215 2410 2280 doctorum
2453 2214 2655 2279 Niese
2699 2220 2769 2277 et

426 2320 634 2385 Holm
700 2319 1136 2407 opinionibus
1206 2321 1715 2386 assentiendum
1777 2322 2052 2386 videtur
2097 2343 2302 2406 quam
2345 2320 2654 2405 Droysen
2702 2326 2770 2384 et

429 2426 744 2491 Gaebler.

512 2534 624 2600 Ab
710 2534 925 2599 altera
1009 2541 1206 2622 parte
1275 2534 1727 2619 Ptolemaeus,
1801 2536 2033 2600 audito
2103 2535 2373 2600 decreto
2439 2534 2770 2619 Antigoni

426 2641 642 2706 simile
710 2641 1058 2707 decretum
1104 2641 1322 2708 edidit
1346 2642 1421 2727 4),
1469 2646 1546 2708 ut
1590 2641 2052 2729 intelligerent
2096 2641 2416 2708 Hellenes
2463 2641 2587 2707 sibi
2632 2661 2771 2706 non

427 2750 651 2813 minus
720 2770 954 2815 eorum
991 2748 1379 2815 libertatem
1425 2751 1609 2815 cordi
1659 2771 1802 2815 esse
1847 2772 2055 2836 quam
2099 2749 2468 2835 Antigono.
2513 2749 2772 2814 Tamen

427 2855 854 2921 Ptolemaeus
878 2856 1162 2944 perinde
1188 2877 1266 2922 ac
1289 2857 1675 2943 Antigonus
1693 2857 1779 2922 ad
1795 2855 1969 2922 nihil
1993 2855 2177 2922 aliud
2193 2856 2546 2944 spectavit,
2565 2878 2771 2943 quam

428 2971 507 3027 ut
550 2962 677 3027 sibi
723 2970 1151 3051 compararet
1201 2965 1675 3035 auctoritatem
1718 2964 1792 3028 in
1837 2964 2130 3029 Graecia
2173 2965 2246 3027 in
2282 2962 2559 3050 Europa
2572 2962 2775 3048 juxta

429 3066 905 3153 Cassandrum,
954 3070 1136 3156 quod
1179 3075 1375 3157 patet
1421 3091 1458 3135 e
1502 3069 1703 3135 rebus
1752 3069 1838 3135 ab
1888 3091 1965 3136 eo
2009 3069 2152 3134 illic
2193 3075 2430 3157 postea
2465 3070 2692 3155 gestis,
2734 3091 2771 3134 e

429 3179 693 3262 magnis
762 3179 955 3243 donis
1024 3177 1269 3263 quibus
1318 3176 1586 3242 Thebas
1629 3177 1733 3243 bis
1782 3178 2063 3243 donavit
2089 3176 2163 3260 5),
2213 3199 2296 3240 ex
2331 3178 2772 3265 occupatione

431 3281 735 3348 Corinthi
806 3291 874 3349 et
937 3283 1245 3369 Sicyonis
1295 3286 1456 3349 anni
1505 3283 1653 3350 308.
1704 3285 1849 3350 Nec
1894 3291 2126 3349 tamen
2171 3284 2314 3369 ejus
2359 3306 2485 3368 ree,
2535 3285 2770 3351 eodem

430 3390 630 3456 modo
697 3411 833 3476 quo
879 3390 1232 3476 Antigoni,
1277 3388 1594 3455 ferebant
1640 3397 1717 3455 ut
1763 3412 1999 3455 veram
2044 3389 2431 3454 libertatem
2479 3389 2770 3471 afferret,

430 3519 675 3585 nempe
736 3498 1088 3585 praesidiis
1138 3498 1610 3563 auctoritatem
1657 3519 1851 3562 suam
1893 3496 2214 3562 firmavit.
2262 3497 2503 3583 Neque
2554 3497 2773 3582 magis

427 3603 604 3669 ratio
672 3605 850 3669 inter
916 3603 1369 3669 Cassandrum
1439 3610 1508 3668 et
1554 3603 1811 3669 socium
1858 3611 2000 3684 ejus
2036 3602 2373 3689 Lagidem
2415 3604 2773 3691 perspicua

429 3716 550 3795 est,
619 3710 764 3775 fieri
831 3718 1063 3776 tamen
1135 3732 1277 3778 non
1336 3712 1558 3797 potuit
1630 3716 1709 3775 ut
1775 3710 1876 3774 illi
1947 3731 2055 3774 res
2114 3716 2349 3796 gestae
2394 3710 2771 3775 Ptolemaei

482 3931 529 3994 1)
567 3932 727 3986 Diod.
769 3932 852 3985 19.
889 3934 976 3987 62.
998 3933 1046 3985 2.
1086 3933 1157 3983 Οὐ
1197 3933 1295 3995 ’γὰρ
1331 3932 1508 3994 μικρὰν
1546 3931 1691 3994 ῥοπὴν
1728 3932 1922 3994 δρῶντες
1957 3929 2103 3982 οὖσαν
2140 3930 2354 3995 ἑκάτεροι
2393 3933 2770 3994 (Ptolemaeus

432 4023 487 4073 et
526 4021 855 4092 Antigonus)
892 4020 1265 4084 προσλαβέσθαι
1304 4021 1395 4077 τὴν
1430 4027 1526 4071 τῶν
1563 4018 1809 4078 Ἑλλήνων
1828 4019 2026 4080 εὔνοιαν,
2049 4020 2378 4085 διημιλλῶντο
2395 4024 2509 4086 πρὸς
2528 4021 2772 4080 ἀλλήλους

430 4108 541 4172 περὶ
575 4112 666 4166 τῆς
701 4110 774 4168 εἷς
808 4108 1011 4167 τούτους
1046 4109 1339 4174 εὐεργεσίας.

484 4198 534 4262 2)
570 4199 809 4254 Gaebler
843 4218 894 4269 p.
935 4200 1021 4254 18.

485 4286 533 4356 3)
571 4288 768 4358 DroyS.
808 4289 858 4342 2.
899 4290 947 4342 2.
991 4289 1111 4343 227.

484 4375 535 4443 4)
572 4377 732 4431 Diod.
773 4377 855 4430 19.
894 4378 980 4432 62.
1019 4379 1067 4431 1.

487 4465 537 4532 5)
573 4465 815 4520 Dittenb.
858 4467 974 4521 176.

2492 4569 2560 4624 10
