3338 5350
1543 461 1669 525 103

426 656 969 739 Atheniensium,
1020 657 1127 722 cui
1174 662 1338 721 tunc
1390 657 1717 743 temporis
1763 657 2148 744 Hyperides
2198 664 2426 723 orator
2447 657 2769 745 praefuit,

429 764 503 828 in
551 763 868 828 universo
915 763 1359 831 Macedoniae
1425 763 1723 846 inimica,
1793 768 1958 828 tunc
2001 763 2335 850 imprimis
2380 762 2772 829 Alexandro

429 877 499 936 et
546 871 990 936 dominationi
1039 869 1518 935 Macedonicae
1561 869 2004 935 infestissima
2057 876 2222 953 erat,
2270 876 2549 958 propter
2597 871 2773 936 edic-

429 983 574 1042 tum
627 977 713 1042 de
774 976 1048 1042 exulum
1093 977 1319 1042 reditu
1342 976 1411 1062 1),
1456 983 1833 1064 parataque
1903 983 2047 1042 erat
2116 983 2191 1041 ut
2236 979 2460 1065 prima
2506 999 2774 1065 quaque

429 1084 779 1150 occasione
849 1106 993 1149 sese
1058 1084 1227 1169 jugo
1298 1083 1581 1150 molesto
1648 1083 1987 1149 liberaret.
2101 1085 2192 1149 Et
2254 1084 2431 1150 forte
2497 1083 2775 1150 fortuna

431 1192 683 1256 accidit
751 1197 825 1256 ut
895 1213 973 1257 eo
1039 1191 1189 1279 ipso
1261 1213 1439 1257 anno
1504 1191 1633 1256 323
1710 1192 2131 1257 validissima
2197 1190 2424 1274 fuerit,
2495 1214 2648 1256 cum
2712 1191 2775 1255 ei

427 1312 700 1387 praesto
744 1304 918 1364 esset
961 1299 1271 1386 pecunia,
1321 1298 1648 1364 exercitus
1698 1304 1766 1363 et
1811 1300 2107 1387 optimus
2154 1299 2294 1364 dux
2338 1298 2773 1381 LeostheneS,

430 1428 607 1470 unus
677 1427 759 1470 ex
822 1406 1248 1494 praetoribus
1317 1405 1711 1472 Alexandri.
1805 1405 1935 1470 Hic
2004 1406 2206 1490 enim,
2278 1427 2430 1470 cum
2478 1405 2772 1470 militum

429 1520 908 1579 veteranorum
975 1513 1161 1580 haud
1233 1514 1803 1579 contemnendum
1885 1535 2242 1578 numerum
2325 1514 2398 1577 in
2467 1512 2773 1578 Taenaro

431 1618 793 1685 collectum
835 1620 1137 1703 haberet,
1179 1618 1325 1705 jam
1375 1620 1798 1706 aliquamdiu
1819 1621 1997 1686 clam
2029 1620 2276 1706 agebat
2299 1642 2451 1686 cum
2477 1617 2773 1684 factione

433 1728 887 1793 democratica
956 1726 1498 1810 Atheniensium,
1569 1727 2012 1792 Macedoniae
2078 1727 2354 1792 inimica
2392 1726 2464 1813 2).
2554 1724 2774 1791 Iidem

431 1834 536 1899 illi
606 1836 790 1900 cives
880 1835 1249 1901 Leostheni
1317 1857 1354 1900 e
1422 1835 1759 1900 thesauris
1849 1834 2257 1923 HarpaliciS,
2352 1834 2469 1921 qui
2555 1832 2776 1898 adhuc

429 1941 723 2008 Athenis
768 1949 1038 2030 praesto
1102 1949 1317 2027 erant,
1378 1943 1703 2029 pecunias
1758 1943 2309 2030 suppeditabant,
2359 1941 2603 2028 quibus
2649 1941 2773 2005 mi-

428 2049 586 2114 lites
657 2070 809 2114 suos
872 2049 1185 2115 omnibus
1251 2049 1473 2132 rebus,
1566 2071 1742 2136 quae
1809 2049 1897 2114 ad
1965 2048 2224 2114 bellum
2292 2070 2461 2136 opus
2531 2052 2772 2129 essent,

429 2158 813 2221 instrueret.
906 2155 1103 2222 Idem
1145 2155 1562 2221 Leosthenes
1609 2156 1848 2221 eodem
1910 2156 2106 2221 modo
2154 2155 2329 2220 clam
2376 2153 2773 2240 conjunctus

433 2270 581 2331 erat
619 2286 770 2330 cum
817 2262 1098 2346 Aetolis,
1146 2263 1329 2328 haud
1378 2263 1601 2328 minus
1629 2261 1940 2327 alienatis
1965 2285 2006 2326 a
2028 2284 2186 2349 rege
2214 2261 2473 2346 animiS,
2497 2268 2776 2350 propter

428 2373 609 2439 idem
658 2372 1005 2437 decretum
1051 2370 1135 2435 de
1183 2370 1455 2436 exulum
1500 2371 1726 2435 reditu
1750 2368 1823 2453 3).
1886 2370 2129 2456 Itaque
2174 2367 2382 2435 factio
2426 2370 2775 2458 popularis

430 2480 663 2546 omnia
701 2479 849 2565 jam
895 2484 1052 2543 ante
1100 2477 1476 2544 Alexandri
1519 2484 1810 2544 mortem
1855 2478 1941 2542 ad
1967 2476 2224 2543 bellum
2247 2483 2492 2565 parata
2513 2477 2774 2561 habuit,

429 2587 728 2673 necdum
772 2607 916 2651 sese
962 2586 1197 2652 movit.

523 2693 660 2759 Sed
720 2696 961 2759 nuntio
1026 2693 1232 2760 allato
1294 2694 1381 2759 de
1425 2700 1640 2759 morte
1688 2696 1887 2780 regiS,
1937 2694 2168 2760 statim
2213 2694 2476 2779 rogatio
2524 2694 2608 2758 ad
2656 2716 2777 2781 po-

430 2801 673 2890 pulum
734 2800 951 2866 fertur
996 2801 1082 2867 de
1122 2801 1291 2888 jugo
1337 2801 1773 2867 Macedonico
1820 2801 2241 2884 excutiendO,
2292 2801 2377 2865 de
2422 2800 2777 2866 liberanda

435 2911 739 2976 Graecia.
1582 2969 1594 2978 .

524 3016 863 3082 Demades
912 3015 1193 3082 factioni
1239 3016 1719 3084 Macedonicae
1766 3016 2212 3104 praeposituS,
2261 3015 2563 3081 Phocion
2621 3036 2777 3079 cum

436 3125 667 3189 amicis
739 3124 895 3207 suia,
955 3124 1323 3190 moderatis
1369 3126 1551 3207 viris,
1600 3124 1902 3189 medium
1948 3123 2172 3188 locum
2217 3129 2475 3206 tenens,
2524 3122 2778 3187 frustra

433 3232 771 3316 rogationi
821 3231 1161 3296 adversati
1212 3239 1388 3315 sunt,
1438 3231 1648 3317 legati
1692 3231 1776 3295 ab
1799 3229 2168 3318 Antipatro
2194 3231 2375 3296 missi
2402 3230 2490 3295 ad
2512 3230 2777 3317 pericu-

432 3336 580 3401 lum
612 3337 1060 3403 avertendum
1082 3338 1255 3402 nihil
1280 3337 1652 3404 effecerunt
1679 3336 1749 3421 l¹=):
1777 3338 2114 3401 sententia
2136 3335 2567 3424 popularium
2595 3337 2774 3419 vicit,

431 3443 688 3510 bellum
752 3446 1097 3510 decretum
1161 3452 1280 3529 est,
1345 3445 1759 3511 Leosthenes
1820 3442 2126 3508 Athenas
2188 3441 2534 3531 profectus
2599 3464 2781 3507 exer-

435 3552 597 3615 citui
665 3550 1072 3637 praeficitur,
1145 3552 1471 3639 epistolae
1536 3574 1661 3639 per
1728 3551 1990 3637 legatos
2062 3550 2147 3614 ad
2213 3550 2506 3636 reliquas
2578 3551 2776 3616 urbes

434 3659 817 3742 mittuntur,
878 3681 1046 3744 quas
1107 3665 1494 3724 monerent:
1560 3655 1647 3723 ὅτι
1711 3658 1815 3722 καὶ
1885 3657 2159 3737 πρότερον
2205 3658 2316 3735 μὲν
2363 3660 2387 3721 ὁ
2435 3658 2622 3734 δῆμος
2668 3660 2776 3732 τὴν

436 3764 725 3828 Ἐλλάδα
789 3768 995 3828 πᾶσαν
1059 3766 1249 3838 κοινὴν
1308 3760 1458 3829 εἶναι
1518 3766 1800 3845 πατρίδα
1867 3767 2064 3845 κρίνων
2124 3770 2239 3830 τῶν
2289 3764 2591 3837 Ἑλλήνων
2638 3766 2774 3838 τοὺς

438 3871 542 3934 ἐπὶ
588 3872 828 3953 δουλεία
875 3872 1433 3951 στρατευσαμένους
1481 3872 1839 3953 βαρβάρους
1883 3872 2156 3951 ἠμύνατο
2197 3872 2366 3936 κατὰ
2409 3871 2771 3947 θάλατταν,

489 4132 539 4200 1)
576 4135 756 4189 Justin
795 4136 880 4189 13.
917 4134 965 4188 5.
1006 4135 1055 4187 2.
1096 4134 1254 4188 Diod.
1296 4133 1382 4187 18.
1426 4134 1474 4188 8.
1515 4136 1562 4188 2.

491 4223 539 4287 2)
576 4223 734 4277 Diod.
776 4223 859 4277 18.
897 4224 946 4277 9.
987 4224 1038 4277 2.

490 4311 538 4374 3)
575 4312 733 4366 Diod.
775 4313 856 4365 17.
900 4313 1016 4365 111.
1056 4313 1106 4365 3.

497 4400 546 4466 4)
582 4402 726 4455 Plut.
769 4402 868 4456 Vit.
908 4403 956 4454 X
994 4401 1143 4455 Orat.
1184 4402 1338 4454 850a.
