3338 5350
1693 512 1782 575 88

573 714 673 775 est
697 708 768 791 ¹),
831 729 986 773 cum
1027 706 1304 773 Cratero
1364 730 1525 773 cura
1568 708 1907 794 regiorum
1944 707 2274 772 bonorum
2321 707 2677 773 commissa
2722 708 2811 772 sit
2832 710 2906 795 2).

661 815 708 881 J
712 837 822 880 am
870 835 1073 903 supra
1120 815 1301 902 (pag.
1327 816 1415 880 86
1439 836 1594 879 ann.
1619 815 1708 897 2.)
1758 814 2013 880 dictum
2060 820 2161 879 est
2182 836 2521 879 summum
2546 814 2910 902 imperium

574 922 1004 989 commissum
1051 944 1192 987 esse
1237 923 1507 987 decreto
1571 921 1944 988 nobilitatis
1991 921 2467 987 Macedonicae
2512 921 2911 987 confirmato

573 1053 614 1094 a
674 1029 984 1094 contione
1024 1028 1280 1116 plebis3
1350 1029 1532 1116 quod
1577 1050 1716 1094 non
1759 1034 2029 1094 tantum
2100 1027 2359 1094 factum
2403 1035 2508 1096 est
2552 1051 2732 1095 anno
2778 1030 2910 1094 323

571 1134 946 1221 Babylone,
994 1136 1113 1201 sed
1159 1137 1366 1200 etiam
1416 1157 1594 1201 anno
1630 1136 1760 1201 321
1786 1134 2198 1224 Triparadisi
2221 1138 2292 1220 3).
2332 1136 2424 1201 Et
2447 1136 2685 1202 eodem
2708 1136 2913 1201 modo

562 1243 718 1308 sine
762 1241 967 1308 dubio
1012 1242 1375 1331 Antipater
1415 1242 1607 1308 brevi
1654 1249 1814 1308 ante
1858 1250 2146 1308 mortem
2192 1264 2369 1309 anno
2415 1243 2544 1308 319
2592 1264 2728 1308 non
2767 1242 2913 1330 ipse

575 1351 792 1416 solum
835 1372 1261 1439 quocumque
1300 1351 1500 1416 modo
1550 1350 1898 1415 decretum
1944 1350 2028 1416 de
2075 1350 2203 1414 hac
2245 1372 2320 1415 re
2354 1349 2530 1432 tulit,
2560 1350 2676 1414 sed
2702 1351 2915 1415 etiam

573 1456 828 1523 hetaeri
873 1464 941 1523 et
985 1457 1201 1546 plebs,
1274 1479 1447 1544 quae
1512 1456 1745 1522 Pellae
1816 1457 2069 1539 aderat,
2131 1458 2664 1523 nominationem
2708 1456 2919 1542 Poly-

552 1565 994 1658 ·sperchontis
1044 1564 1637 1632 confirmaverunt.
1687 1564 1968 1630 Summa
2004 1570 2305 1652 potestas
2341 1586 2501 1651 ergo
2541 1586 2750 1652 penes
2773 1562 2917 1652 ple·

572 1673 730 1738 bem
776 1678 851 1737 et
890 1670 1315 1738 nobilitatem
1359 1677 1523 1737 erat.

667 1779 1011 1859 Quatenus
1079 1784 1265 1844 certa
1336 1778 1560 1844 edicta
1625 1779 2078 1866 procuratoris
2145 1780 2313 1864 regii
2361 1800 2401 1843 a
2444 1777 2802 1844 nobilitate
2849 1785 2914 1845 et

574 1885 775 1974 plebe
818 1886 1155 1951 firmanda
1199 1885 1471 1970 fuerint,
1519 1907 1658 1951 non
1706 1885 1998 1951 dilucide
2043 1892 2254 1975 patet.
2337 1885 2558 1952 Multa
2604 1886 2919 1974 exempla

571 2000 843 2081 praesto
912 1998 1072 2058 sunt
1138 2015 1314 2079 quae
1372 1994 1741 2059 ostendunt
1784 2000 2249 2082 procuratores
2297 1994 2562 2082 imperii
2608 2000 2918 2082 satrapas

573 2101 663 2165 ad
732 2121 801 2165 se
869 2101 941 2165 in
1000 2099 1114 2186 jus
1182 2104 1549 2167 vocavisse.
1649 2101 1797 2167 Uno
1836 2100 1983 2166 loco
2029 2100 2271 2165 saltem
2317 2102 2677 2189 accipimus
2723 2121 2920 2166 reum

571 2232 712 2275 non
758 2207 977 2274 solum
1022 2230 1249 2275 coram
1294 2230 1455 2296 rege
1503 2215 1571 2273 et
1614 2215 2049 2298 procuratore
2092 2209 2299 2294 regiO,
2347 2209 2467 2274 sed
2504 2210 2575 2273 in
2604 2209 2920 2274 contione

572 2319 1040 2383 universorum
1085 2316 1533 2382 Macedonum
1599 2337 1745 2382 rem
1790 2338 1982 2382 suam
2025 2318 2282 2402 egisse3
2350 2337 2489 2381 non
2535 2315 2666 2381 alio
2713 2316 2919 2381 modo

574 2424 1002 2490 Ptolemaeus
1046 2423 1223 2510 Lagi
1270 2425 1430 2509 egit,
1484 2445 1640 2489 cum
1703 2424 2058 2489 Perdiccas
2127 2426 2188 2488 ei
2249 2423 2716 2489 vadimonium
2760 2445 2918 2489 con-

576 2532 943 2613 stituisset3
996 2532 1205 2597 etiam
1250 2531 1360 2595 hic
1407 2552 1550 2597 sese
1596 2551 1824 2596 coram
1871 2531 2166 2595 exercitu
2192 2529 2520 2614 defendit,
2570 2530 2688 2595 sed
2714 2551 2923 2595 causa

575 2639 820 2704 cecidit
839 2636 910 2725 4).
1007 2635 1337 2725 Satrapae
1418 2638 1626 2704 creati
1687 2638 1829 2705 sive
1897 2658 2176 2704 munere
2244 2637 2508 2725 dejecti,
2580 2638 2920 2704 innumeri

578 2746 1085 2813 commemorati
1132 2751 1309 2829 sunt,
1384 2767 1509 2810 nec
1574 2751 1806 2811 tamen
1866 2745 2229 2832 quicquam
2276 2745 2565 2833 amplius
2612 2745 2746 2810 nisi
2790 2746 2919 2810 hoc

576 2853 801 2940 ipsum
839 2852 1100 2918 factum
1146 2852 1476 2917 traditum
1521 2858 1623 2917 est
1646 2845 1720 2936 5).
1811 2850 1996 2916 Fieri
2032 2856 2263 2917 tamen
2309 2853 2533 2940 potuit
2576 2857 2654 2916 ut
2695 2851 2922 2939 prima

579 2981 850 3046 quaque
896 2959 1263 3040 occasione,
1312 2980 1448 3043 qua
1493 2965 1795 3046 satrapes
1840 2980 2122 3023 munere
2167 2959 2468 3045 dejectus
2502 2959 2609 3042 sit,
2656 2957 2920 3025 nobiles

582 3072 651 3132 et
695 3066 943 3131 milites
990 3065 1108 3152 qui
1154 3065 1438 3131 aderant
1484 3065 1892 3131 sententiam
1935 3066 2159 3151 rogati
2202 3066 2355 3130 sint.

668 3282 847 3349 Oura
892 3281 1194 3348 universi
1238 3280 1526 3370 imperii,
1595 3281 1786 3366 regia
1832 3286 2132 3368 potestas
2200 3286 2279 3346 ut
2325 3304 2408 3346 ex
2452 3283 2920 3369 praecedenti-

575 3393 702 3457 bus
774 3390 1109 3478 apparuit,
1184 3395 1402 3454 morte
1471 3388 1847 3454 Alexandri
1917 3410 1958 3452 a
2023 3409 2183 3473 rege
2251 3388 2324 3452 in
2384 3389 2687 3454 diversos
2735 3388 2922 3454 viros

575 3498 783 3563 variis
853 3496 1245 3562 muneribus
1336 3496 1701 3582 fungentes
1791 3495 2080 3560 transiit.
2175 3493 2313 3560 Sed
2403 3518 2624 3582 neque
2694 3496 2921 3561 minus

579 3605 1074 3672 administratio
1160 3604 1580 3690 singularum
1669 3603 2175 3691 provinciarum
2241 3602 2383 3688 jam
2466 3603 2698 3668 statim
2763 3609 2923 3690 post

580 3719 869 3778 mortem
947 3710 1324 3777 Alexandri
1388 3710 1645 3776 laxiore
1714 3711 1987 3776 vinculo
2054 3731 2211 3774 cum
2300 3730 2562 3776 summo
2631 3709 2920 3796 imperio

578 3819 729 3904 conj
738 3825 942 3884 uncta
985 3818 1139 3902 fuit,
1186 3839 1293 3882 res
1340 3818 1618 3882 maximi
1663 3816 1992 3883 momenti
2037 3816 2221 3903 quod
2278 3817 2525 3882 attinet
2574 3816 2660 3881 ad
2708 3817 2911 3882 disso-

629 4024 677 4088 1)
713 4025 867 4079 Diod.
910 4024 991 4078 18.
1034 4024 1083 4078 3.
1122 4024 1171 4077 4.
1209 4023 1409 4078 Justin.
1450 4023 1534 4077 13.
1573 4023 1625 4076 4.
1663 4022 1748 4076 17.

628 4113 677 4177 2)
716 4113 783 4167 cf.
820 4131 873 4183 p.
912 4113 998 4166 87.
1040 4130 1166 4167 ann.
1205 4113 1255 4165 4.

629 4202 675 4269 3)
710 4201 867 4257 Diod.
908 4201 991 4254 18.
1029 4201 1114 4254 39.
1152 4201 1202 4255 3.
1251 4202 1302 4250 οἵ
1330 4198 1601 4261 Μακεδόνες
1637 4197 1940 4263 ἐπιμελητὴν
1974 4203 2164 4252 εἵλοντο
2200 4201 2525 4263 Ἀντίπατρον
2561 4199 2916 4263 αὐτοκράτορα.

634 4290 683 4357 4)
720 4292 931 4346 Arrian.
971 4292 1002 4360 ξ
1040 4292 1124 4345 28.
2210 4303 2219 4312 ·

630 4381 677 4448 5)
717 4382 783 4435 cf.
838 4380 987 4449 quod
1042 4380 1304 4434 Eumenis
1359 4379 1559 4433 milites
1615 4378 1953 4433 Macedonici
2005 4377 2078 4431 a0.
2114 4379 2219 4432 319
2256 4379 2312 4431 in
2349 4378 2542 4433 Cilicia
2576 4379 2920 4448 Antigonum

581 4473 798 4526 hostem
835 4487 1030 4540 regum
1067 4468 1588 4538 pronunciaverunt.
1628 4467 1782 4521 Diod.
1825 4467 1906 4521 18.
1943 4467 2026 4520 63.
2065 4468 2113 4519 4.
