3338 5350
1732 548 1818 612 '74

600 765 778 807 anno
825 743 977 826 329,
1024 765 1235 829 usque
1299 743 1383 808 ad
1433 743 1667 828 fugam
1723 742 1865 829 ejus
1915 744 2073 807 anni
2121 744 2346 824 3251).
2411 742 2670 829 Injuria
2714 744 2934 826 Droy·

599 871 718 914 sen
768 850 825 913 1.
862 853 913 913 1.
942 850 1067 913 371
1119 871 1202 914 ex
1247 848 1539 914 Arriano
1564 851 1623 913 3.
1658 852 1758 914 19.
1787 852 1824 914 7
1876 850 2175 933 deduxit,
2218 849 2520 937 Harpalo
2545 851 2937 915 thesaurum

599 956 1105 1022 Ecbatanorum
1188 957 1616 1024 commissum
1702 978 1863 1022 esse.
1957 956 2286 1022 Arrianus
2346 956 2474 1022 hoc
2542 958 2687 1023 loco
2763 957 2939 1022 nihil

603 1063 791 1128 aliud
852 1064 1037 1146 dicit,
1087 1064 1217 1129 nisi
1261 1066 1442 1151 quod
1485 1063 1790 1152 Harpalo
1837 1086 2014 1129 anno
2061 1063 2191 1129 330
2240 1065 2638 1129 mandatum
2692 1071 2810 1148 est,
2859 1070 2939 1129 ut

598 1170 966 1236 Ecbatanis
1032 1172 1353 1259 pecunias
1424 1171 1815 1258 acciperet‚'
1868 1194 2037 1257 quas
2124 1170 2484 1236 Parmenio
2553 1194 2590 1237 e
2658 1172 2936 1237 Perside

596 1277 759 1342 illuc
803 1284 1380 1365 transportaturus
1429 1284 1620 1344 esset.
1672 1277 1864 1357 Quod
1909 1299 2048 1344 non
2092 1285 2354 1365 pugnat
2417 1300 2573 1343 cum
2611 1277 2772 1344 locis
2813 1278 2936 1364 qui

599 1384 1041 1472 comprobant
1099 1385 1481 1473 Harpalum
1526 1386 1873 1450 custodem
1913 1384 2267 1470 Babylone
2313 1383 2754 1469 fuisse¹(ann.
2809 1385 2934 1470 1.);

596 1513 757 1556 nam
804 1491 1144 1579 Harpalus
1215 1514 1392 1557 anno
1438 1493 1568 1556 330
1630 1491 1852 1556 adhuc
1912 1492 2335 1579 praepositus
2384 1498 2531 1556 erat
2577 1492 2938 1556 universae

596 1599 694 1663 rei
745 1598 1177 1685 pecuniariae
1249 1597 1652 1694 Alexandri,
1724 1597 1827 1662 ἐπὶ
1897 1601 2013 1661 τῶν
2083 1596 2440 1682 χρημάτων,
2510 1598 2793 1686 perinde
2857 1621 2940 1664 ac

598 1703 822 1770 fuerat
902 1712 1060 1772 ante
1120 1705 1360 1792 fugam
1426 1727 1617 1771 suam
1680 1705 1840 1770 anni
1909 1707 2035 1771 331
2062 1706 2134 1792 2),
2205 1705 2325 1772 sed
2391 1712 2650 1770 certum
2720 1705 2936 1770 domi-

597 1810 827 1877 cilium
874 1812 938 1877 ei
983 1812 1286 1878 nondum
1330 1812 1706 1879 indicatum
1754 1819 1932 1895 erat;
1982 1822 2135 1900 post
2183 1835 2436 1877 annum
2485 1812 2612 1878 330
2659 1813 2938 1878 demum

596 1918 954 2004 Babylone
1035 1920 1408 1986 habitabat.
1502 1921 1884 1985 Thesaurus
1976 1927 2203 1986 autem
2272 1920 2774 1985 Ecbatanorum
2846 1921 2935 1984 ab

597 2025 988 2092 Alexandro
1038 2034 1293 2093 aestate
1351 2029 1514 2093 anni
1584 2027 1714 2092 330
1762 2050 1898 2092 non
1941 2024 2069 2115 illi‚'
2112 2027 2227 2092 sed
2276 2027 2709 2093 Parmenioni
2755 2048 2937 2092 com-

597 2133 839 2199 missus
878 2141 999 2200 est.
2642 2216 2651 2225 .

689 2239 877 2306 Susis
946 2240 1340 2307 Alexander
1404 2242 1877 2330 Xenophilum
1947 2243 2083 2307 arci
2149 2240 2497 2329 praefecit,
2564 2241 2681 2327 qui
2726 2241 2936 2305 etiam

597 2347 811 2413 multo
883 2356 1038 2436 post
1084 2350 1263 2436 regis
1325 2356 1604 2415 mortem
1664 2350 1806 2414 illic
1866 2354 2431 2414 commemoratur
2453 2348 2523 2432 3),
2587 2344 2935 2413 Callicrati

600 2461 823 2519 autem
872 2455 1263 2533 thesaurum
1309 2456 1829 2521 custodiendum
1878 2456 2069 2522 dedit
2088 2455 2159 2538 4),
2229 2455 2302 2518 in
2346 2476 2550 2541 quem
2594 2453 2809 2518 multa
2848 2476 2935 2519 ex

597 2562 929 2628 thesauris
1001 2563 1287 2628 Persicis
1357 2564 1887 2650 transportanda
1933 2562 2198 2628 curavit
2220 2561 2292 2643 5).
2388 2562 2533 2626 Hoc
2598 2562 2935 2627 aerarium

599 2677 826 2735 autem
873 2677 976 2735 tot
1023 2669 1277 2735 divitiis
1323 2670 1715 2757 praeditum
1762 2681 1923 2756 erat,
1973 2679 2050 2737 ut
2073 2675 2226 2735 cum
2248 2670 2544 2758 primum
2569 2669 2934 2757 Antipater

599 2799 775 2843 anno
846 2778 978 2843 320
1045 2777 1457 2865 Antigonem
1546 2785 1615 2844 et
1699 2779 2174 2866 argyraspides
2235 2777 2547 2864 jussisset
2613 2799 2934 2862 magnam

597 2906 931 2949 summam
970 2886 1300 2972 pecuniae
1345 2887 1506 2951 inde
1550 2886 1789 2952 tollere
1814 2887 1893 2970 ὃ),
1959 2894 2107 2962 tum
2164 2887 2523 2969 Eumene5‚
2578 2905 2755 2949 anno
2801 2883 2932 2948 317

596 2990 1188 3078 Polysperchontis
1249 2991 1465 3077 jussu,
1558 2994 1724 3059 item
1792 3015 2114 3079 magnam
2174 2994 2316 3059 vim
2377 2991 2704 3080 pecuniae
2771 2991 2933 3055 inde
2972 2969 2991 2994 ⁹

479 3134 484 3139 ·
598 3097 963 3185 accepisset
988 3099 1059 3182 ⁷),
1108 3097 1546 3165 nihilominus
1594 3100 2000 3187 AntigonUS,
2049 3121 2203 3164 cum
2250 3122 2428 3165 anno
2467 3098 2596 3164 316
2642 3097 2933 3183 reliquos

596 3206 946 3270 thesauros
1006 3205 1167 3270 inde
1225 3205 1607 3290 abduceret,
1694 3207 1835 3272 illic
1903 3207 2244 3272 invenerit
2306 3206 2651 3294 pecunias=
2693 3211 2760 3268 et
2824 3225 2932 3268 res

595 3313 944 3398 pretiosaS,
993 3334 1169 3399 quae
1208 3312 1529 3378 valebant
1575 3313 1965 3401 quindecim
2011 3313 2199 3396 milia
2243 3313 2654 3377 talentorum
2677 3311 2747 3398 8).
2819 3310 2932 3374 Ad

594 3417 987 3483 thesaurum
1032 3420 1535 3487 Ecbatanorum
1574 3421 1657 3485 ab
1703 3420 2096 3486 Alexandro
2150 3418 2276 3485 180
2316 3418 2504 3483 milia
2529 3417 2930 3483 talentorum

647 3680 696 3735 1)
738 3661 908 3734 mods
954 3682 1036 3735 17.
1099 3680 1217 3735 108.
1277 3682 1324 3734 4.
1390 3680 1710 3735 Secundum
1768 3678 1913 3732 Plut.
1972 3679 2125 3733 Alex.
2184 3678 2253 3731 35
2308 3678 2582 3747 Harpalus
2623 3678 2789 3731 etiam
2828 3679 2938 3732 suit

595 3766 897 3830 ἐπιμελητὴς
941 3774 1031 3827 τῆς
1066 3768 1231 3833 χώρας
1268 3771 1403 3837 (scil.
1453 3773 1543 3826 τῆς
1576 3768 1910 3834 Βαβυλωνίας)
1949 3768 2014 3820 cf.
2057 3767 2451 3836 Theopompus
2489 3767 2552 3820 fr.
2594 3766 2695 3818 277
2737 3770 2792 3820 et
2829 3767 2939 3819 278

597 3860 663 3913 cf.
707 3860 965 3913 Schaefer
1004 3860 1053 3913 3.
1092 3859 1198 3913 305
1237 3876 1361 3913 ann.
1400 3860 1449 3913 4.

648 3947 692 4013 2)
733 3948 943 4001 Arrian.
984 3948 1033 4001 3.
1073 3948 1121 4001 6.
1166 3948 1199 4000 6
1238 3951 1293 4001 et
1333 3948 1380 4001 7.

648 4035 694 4103 3)
739 4037 897 4090 Diod.
938 4038 1020 4091 19.
1059 4038 1142 4091 17.
1182 4038 1241 4100 3;
1282 4037 1363 4091 19.
1407 4037 1489 4091 18.
1531 4038 1589 4100 1;
1631 4037 1713 4090 19.
1754 4037 1839 4090 48.
1885 4037 1936 4090 6.
2034 4069 2039 4072 -

647 4124 693 4182 4)
734 4125 957 4180 Curtius
995 4127 1044 4179 5.
1088 4127 1136 4180 2.
1180 4127 1261 4182 16.

647 4213 695 4276 5)
734 4214 890 4269 Diod.
937 4216 1020 4269 17.
1061 4217 1143 4269 71.
1183 4218 1229 4269 2.

645 4302 694 4362 6)
731 4304 941 4358 Arrian.
983 4322 1099 4359 exc.
1138 4304 1259 4373 §38
1296 4306 1361 4358 cf.
1403 4304 1560 4358 Diod.
1601 4304 1684 4358 18.
1724 4304 1808 4357 52.
1850 4305 1898 4357 7.

654 4390 702 4454 7)
739 4391 897 4446 Diod.
939 4393 1022 4447 19.
1067 4394 1149 4447 15.
1191 4394 1241 4446 5.

648 4480 694 4549 8)
736 4481 893 4536 Diod.
936 4482 1017 4536 19.
1058 4483 1142 4535 48.
1187 4483 1217 4534 7
1256 4499 1373 4551 sqq.
