3338 5350
1527 504 1615 568 25

492 697 830 764 Diodorus
876 700 1059 764 enim
1108 697 1323 765 multo
1371 700 1638 765 mitiora
1677 700 1763 764 de
1799 698 2120 787 Philippo
2165 700 2449 765 tradidit
2474 700 2547 786 ¹),
2587 700 2745 765 Phi·

403 805 670 893 lippum
706 811 978 871 vastata
1022 805 1189 870 Gira
1233 805 1510 872 castello
1557 805 1816 892 aliquot
1858 806 2110 894 oppida
2154 808 2486 894 imperata
2520 805 2745 872 facere

401 913 718 997 coegisse,
788 912 1013 977 diruta
1060 911 1359 998 Olyntho
1408 918 1636 978 autem
1684 912 1945 998 reliqua
1984 914 2238 1001 oppida
2276 935 2399 1001 per
2422 920 2743 979 terrorem

409 1018 500 1083 ad
544 1040 615 1083 se
654 1021 957 1085 traxisse.

495 1125 669 1190 Paul
713 1125 1062 1191 Perdrizet
1105 1148 1170 1190 v.
1221 1127 1286 1192 d.
1343 1129 1527 1192 nisus
1574 1136 1647 1192 v⁰
1675 1126 1749 1191 d⁰
1772 1126 2089 1210 Koehler,
2116 1129 2328 1213 quiin
2356 1126 2744 1212 „Sitzungs-

408 1232 706 1297 berichte
775 1232 896 1298 der
961 1233 1270 1299 Berliner
1338 1233 1748 1299 Academie”
1826 1234 1994 1300 1891
2043 1233 2079 1298 Ι
2122 1257 2188 1322 p.
2238 1234 2611 1317 473—487,
2661 1234 2745 1298 de

407 1339 539 1405 hac
563 1361 637 1404 re
659 1340 926 1427 scripsit
949 1346 1152 1428 putat
1173 1346 1442 1405 tantum
1465 1346 1737 1406 vastata
1758 1362 1901 1406 esse
1924 1341 2343 1425 Potidaeam‚
2369 1340 2747 1427 Olynthum

409 1444 780 1534 Galepsum
849 1452 918 1511 et
983 1445 1419 1534 Apolloniam
1464 1449 1518 1528 2)
1587 1448 1828 1533 quibus
1889 1454 2119 1512 tamen
2166 1450 2309 1513 sine
2355 1447 2493 1514 ullo
2540 1448 2745 1514 dubio

413 1552 684 1639 Stagira
733 1553 1049 1619 addenda
1098 1559 1198 1619 est
1235 1552 1308 1640 3).
1358 1553 1672 1619 Ceterum
1717 1555 1900 1620 idem
1944 1556 2052 1620 vir
2099 1555 2334 1620 doctus
2361 1555 2492 1620 alio
2515 1555 2661 1620 loco
2694 1554 2744 1638 4)

411 1661 899 1726 demonstravit
942 1658 1316 1748 Galepsum
1363 1668 1430 1726 et
1475 1661 1910 1747 Apolloniam
1948 1661 2095 1746 jam
2130 1683 2289 1727 mox
2310 1663 2379 1727 in
2405 1663 2746 1748 integrum

407 1768 719 1832 restituta
766 1789 926 1832 esse.
972 1768 1211 1854 Neque
1260 1768 1377 1833 diu
1421 1774 1577 1856 post
1622 1767 1962 1855 Olynthus
2001 1790 2268 1855 quoque
2308 1769 2530 1835 denuo
2557 1768 2743 1835 efflo-

405 1876 616 1939 ruisse
659 1875 951 1956 videtur,
1001 1875 1180 1960 quod
1230 1881 1518 1941 testatur
1561 1877 1907 1963 inscriptio
1931 1874 2163 1941 Attica
2188 1878 2347 1942 anni
2370 1875 2741 1959 eoo—299,

406 2003 584 2067 quae
642 1982 864 2046 civem
911 1980 1399 2068 Olynthiacum
1445 1989 1925 2048 commemorat
1964 1981 2035 2065 5),
2083 2003 2240 2047 cum
2282 1984 2482 2048 tertio
2522 1982 2744 2047 seculo

407 2088 713 2174 Olynthii
795 2087 990 2153 nobis
1059 2096 1201 2154 tam
1266 2087 1656 2175 frequenter
1723 2089 1907 2156 obvii
1977 2091 2133 2173 sint,
2210 2096 2287 2154 ut
2346 2089 2745 2155 concludere

405 2195 607 2259 liceat
695 2194 934 2260 urbem
1014 2202 1178 2260 tunc
1262 2198 1583 2284 temporis
1652 2218 1792 2262 non
1866 2199 2087 2262 minus
2169 2197 2472 2262 floruisse
2537 2218 2743 2283 quam

406 2301 630 2368 seculo
676 2308 835 2368 ante
856 2300 932 2386 ⁶).

758 2703 798 2781 ξ
847 2698 911 2766 7.
962 2698 1050 2767 De
1097 2696 1274 2767 bellis
1323 2715 1363 2766 a
1409 2696 1682 2783 Philippo
1730 2697 1787 2765 in
1832 2696 2103 2767 Thracia
2148 2698 2371 2783 uestis.

493 2897 649 2962 Non
740 2917 928 2962 secus
1021 2916 1099 2961 ac
1185 2895 1489 2982 reliquae
1571 2901 1808 2981 gentes
1884 2894 2323 2960 Macedoniae
2412 2894 2744 2960 finitimae

403 3002 696 3068 Thraces
765 3024 1032 3089 quoque
1098 3009 1428 3090 perpetuo
1494 3001 1677 3067 bella
1744 3023 1900 3067 cum
1966 3000 2287 3089 Philippo
2374 3007 2742 3087 gesserunt.

403 3109 710 3174 Primum
770 3108 1027 3174 bellum
1105 3110 1287 3196 quod
1353 3114 1646 3174 aetatem
1705 3108 1864 3173 tulit
1935 3108 2117 3174 cadit
2161 3108 2235 3172 in
2282 3128 2536 3172 annum
2611 3109 2742 3173 355

405 3238 560 3282 cum
610 3238 729 3281 rex
789 3215 1118 3282 Thraciae
1158 3216 1621 3282 ‘occidentalis
1669 3215 2034 3303 Cetriporis
2059 3218 2105 3295 7)
2146 3214 2543 3300 conjunctus
2588 3236 2744 3278 cum

402 3321 675 3409 Illyriis,
760 3322 1144 3390 Paeonibus
1232 3329 1300 3388 et
1378 3322 1909 3389 Atheniensibus
1971 3322 2224 3387 frustra
2287 3327 2565 3386 conatus
2641 3326 2741 3385 est

402 3450 730 3517 occupare
796 3428 1074 3495 metalla
1139 3430 1443 3516 Pangaei
1488 3430 1554 3509 ⁸).
1620 3429 1758 3495 Sed
1817 3429 2020 3515 longe
2081 3428 2355 3516 majoris
2417 3427 2742 3493 momenti

401 3535 681 3601 fuerunt
741 3535 922 3602 bella
984 3559 1160 3624 quae
1218 3542 1456 3625 postea
1514 3542 1708 3623 gesta
1754 3543 1913 3601 sunt
1957 3541 2192 3602 contra
2238 3533 2741 3621 Cersobleptem

454 3750 507 3818 1)
539 3749 695 3806 Diod.
735 3751 817 3805 16.
855 3750 925 3804 52
964 3754 1020 3805 et
1054 3749 1138 3804 53.
1177 3751 1243 3805 cf.
1283 3751 1566 3805 Demosth.
1606 3751 1727 3804 426.
1769 3750 1852 3804 13.

453 3840 503 3905 2)
540 3842 599 3895 Β.
639 3839 695 3895 C.
734 3841 797 3895 H.
840 3840 976 3895 1897
1013 3858 1067 3910 p.
1106 3840 1225 3895 117.
1266 3833 1467 3895 Stiabo
1509 3840 1629 3894 331.
1669 3838 1739 3893 35
1775 3840 1809 3892 i.
1848 3839 1888 3894 f.

452 3927 501 3997 3)
540 3929 752 3984 Schaef.
789 3930 943 3985 Dem.
982 3930 1031 3984 2.
1071 3929 1174 3983 154
1212 3946 1335 3984 ann.
1376 3930 1429 3984 2.

453 4016 499 4085 4)
535 4019 595 4072 B.
636 4017 694 4073 C.
732 4019 797 4073 H.
837 4018 991 4073 1894.
1029 4037 1080 4088 p.
1119 4019 1242 4072 441.

452 4106 499 4172 5)
537 4106 595 4162 C.
634 4108 675 4162 1.
713 4108 774 4162 A.
812 4108 865 4162 11
900 4107 1020 4162 611.
1061 4107 1175 4162 ibid
1211 4106 1331 4161 963.

453 4194 500 4260 6)
538 4197 604 4250 cf.
644 4196 712 4250 de
748 4196 833 4251 his
868 4197 1036 4252 rebus
1070 4198 1131 4250 P.
1169 4196 1454 4252 Perdrizet
1491 4197 1550 4252 B.
1592 4197 1648 4252 C.
1689 4197 1753 4250 H.
1795 4196 1932 4250 1897
1968 4215 2020 4266 p.
2061 4196 2182 4249 117.
2220 4214 2337 4264 sqq.

455 4285 500 4348 7)
536 4285 777 4339 Dittenb.
816 4285 934 4338 114.
974 4302 1097 4340 ann.
1136 4286 1189 4338 2.

454 4372 500 4438 8)
537 4373 692 4427 Diod.
732 4374 814 4428 16.
857 4374 943 4427 22.
981 4374 1030 4427 3.
1067 4375 1308 4430 Dittenb.
1331 4375 1448 4428 114.
1488 4374 1573 4425 καὶ
1594 4372 1916 4444 Κρ(η)νίδ(α)ς
1953 4372 2338 4443 συνε(ξ)αι(ρῆσ’ω
2359 4376 2493 4436 μετὰ
2513 4378 2739 4442 Rev-pm)-

406 4462 577 4529 δωιος.
618 4461 879 4518 Schaefer
916 4463 965 4517 2.
1003 4463 1087 4517 26.
