3338 5350
1701 517 1788 581 36

572 732 646 795 lii
693 730 1158 817 occupandam
1203 728 1490 794 tradidit
1519 728 1587 811 ¹),
1653 727 2047 795 Acarnanes
2117 737 2185 795 et
2255 731 2719 799 Ambraciotas
2786 734 2910 799 sibi

573 837 877 923 subjecit.
925 836 1159 902 Factio
1208 837 1390 900 enim
1432 836 1871 900 Acarnanum
1916 834 2233 924 Philippo
2282 839 2686 923 adversaria,
2737 863 2910 926 quae

573 967 729 1010 cum
774 947 965 1010 sociis
1014 943 1379 1008 Hellenicis
1426 949 1662 1008 contra
1711 942 2106 1030 Philippum
2127 946 2465 1030 pugnavit
2491 948 2673 1033 apud
2699 947 2910 1012 Chae-

572 1073 850 1117 roneam
877 1051 948 1134 2)‚
1021 1072 1189 1137 pace
1256 1051 1623 1114 constituta
1694 1072 1734 1113 a
1800 1071 1961 1134 rege
2030 1051 2103 1113 in
2174 1049 2448 1116 exilium
2519 1053 2719 1117 missa
2786 1061 2910 1137 est,

573 1158 863 1223 salutem
902 1165 1129 1222 autem
1148 1155 1439 1221 Athenis
1460 1158 1661 1243 petiit
1685 1155 1757 1241 3).
1806 1154 1994 1234 Quae
2017 1178 2123 1220 res
2148 1157 2403 1222 indicat
2423 1157 2817 1246 Philippum
2838 1163 2910 1224 in

570 1264 959 1329 Acarnania
989 1263 1164 1327 hanc
1187 1265 1520 1329 rationem
1544 1263 1941 1328 dominandi
1964 1270 2269 1328 secutum
2302 1286 2462 1349 esse,
2486 1287 2732 1352 nempe
2758 1288 2910 1330 eum

572 1377 907 1456 quantum
929 1369 1075 1434 fieri
1096 1372 1341 1457 potuit,
1361 1371 1834 1435 auctoritatem
1859 1392 2049 1434 suam
2071 1369 2446 1436 firmavisse
2483 1373 2815 1438 mittendo
2838 1375 2911 1437 in

574 1476 850 1542 exilium
888 1477 1308 1542 adversarios
1345 1497 1516 1559 suOS,
1545 1498 1880 1541 summam
1903 1477 2554 1543 administrationem
2578 1480 2910 1545 tradendo

574 1585 635 1648 ei
658 1582 936 1649 factioni
961 1605 1133 1668 quae
1158 1584 1292 1648 suis
1315 1583 1516 1648 rebus
1540 1582 1824 1648 faveret.
1843 1583 2084 1668 Neque
2108 1583 2238 1649 alio
2257 1586 2457 1651 modo
2476 1586 2911 1652 Ambraciam

570 1691 808 1755 urbem
823 1690 947 1755 sibi
966 1690 1328 1755 obnoxiam
1341 1689 1658 1754 reddidit.
1684 1690 1865 1755 Nam
1883 1691 2087 1755 etiam
2103 1690 2212 1755 hic
2229 1691 2640 1758 democratia
2659 1693 2909 1760 abolita

570 1802 691 1878 est,
710 1818 864 1861 cum
888 1796 1162 1883 insuper
1182 1796 1596 1883 praesidium
1612 1796 2125 1862 Macedonicum
2148 1799 2283 1863 arci
2307 1799 2699 1886 impositum
2724 1799 2810 1865 sit
2837 1798 2906 1881 4).

886 2203 924 2282 ξ
969 2198 1066 2266 io.
1135 2197 1263 2266 Res
1310 2197 1634 2281 Graeciae,
1683 2197 1763 2266 de
1812 2196 2123 2283 synedrio
2172 2197 2593 2270 corinthiaco.

665 2398 860 2463 Bello
930 2398 1112 2484 quod
1178 2403 1450 2461 tantum
1518 2417 1656 2460 non
1726 2396 1886 2461 inde
1973 2395 2057 2460 ab
2119 2397 2314 2462 initio
2361 2399 2557 2484 regni
2600 2398 2906 2489 Philippi

571 2505 892 2591 flagravit
992 2504 1172 2568 inter
1268 2502 1717 2568 Athenienses
1802 2507 1870 2566 et
1956 2503 2382 2587 MacedoneS‚
2449 2506 2628 2591 quod
2700 2508 2906 2594 vulgo

571 2617 852 2678 vocatur
919 2610 1174 2675 bellum
1220 2610 1569 2695 sociorum,
1616 2610 1896 2674 tandem
1945 2631 2122 2675 anno
2155 2611 2299 2675 346
2356 2610 2511 2677 finis
2551 2611 2905 2701 impositus

573 2727 674 2786 est
698 2721 766 2803 5).
816 2720 998 2785 Nam
1033 2740 1190 2783 cum
1232 2741 1447 2805 usque
1490 2718 1576 2782 ad
1616 2718 1798 2782 hunc
1839 2740 2094 2782 annum
2116 2718 2476 2805 Philippus
2500 2718 2668 2785 fines
2693 2721 2903 2808 ipsius

568 2826 893 2891 Graeciae
917 2826 1222 2890 nondum
1246 2824 1598 2910 attigisset,
1618 2829 1783 2888 tunc
1808 2830 2034 2889 autem
2058 2824 2433 2890 Phalaecus
2456 2825 2906 2893 Phocensium

572 2933 728 3017 dux,
780 2932 864 2997 de
912 2931 1111 2996 rebus
1181 2932 1315 2996 suis
1386 2932 1749 3018 desperans
1822 2953 1973 2995 cum
2043 2954 2203 3017 rege
2247 2938 2542 2998 tractare
2578 2936 2907 3022 coepisset

570 3040 654 3105 de
699 3038 1172 3125 Thermopylis
1218 3039 1281 3102 ei
1323 3037 1694 3119 tradendiS,
1763 3036 1932 3102 haec
1996 3060 2103 3103 res
2154 3039 2322 3104 adeo
2368 3040 2574 3127 plena
2621 3041 2905 3128 periculi

570 3148 712 3211 visa
761 3151 863 3211 est
907 3144 1453 3227 Atheniensibus,
1501 3149 1577 3208 ut
1624 3149 1896 3209 auctore
1935 3143 2321 3211 Philocrate
2359 3146 2445 3211 de
2487 3168 2658 3235 pace
2705 3170 2904 3233 agere

566 3254 930 3341 coeperint,
1003 3274 1287 3337 eamque
1354 3272 1532 3316 anno
1601 3252 1732 3317 346
1810 3250 2378 3317 confirmaverint.
2495 3251 2905 3321 Societatem

564 3359 864 3424 inierunt
907 3357 1355 3423 Athenienses
1403 3365 1470 3423 et
1516 3358 1919 3423 Macedones
1941 3355 1989 3440 6)
2051 3357 2155 3423 his
2203 3360 2722 3426 conditionibus.
2808 3362 2902 3427 Ut

617 3583 665 3650 1)
706 3582 905 3637 Strabo
961 3582 1081 3635 427.
1155 3578 1464 3637 Ναύπακτός
1530 3579 1637 3631 ἐστι
1694 3580 1745 3630 δὲ
1799 3585 1877 3630 νῦν
1936 3581 2169 3631 Αἰτωλῶν
2224 3584 2469 3635 Φιλίππου
2521 3588 2899 3648 προσκρίναντος.

564 3671 846 3727 Demosth.
887 3670 1006 3724 120.
1047 3673 1095 3724 1.
1133 3671 1371 3725 Pausan.
1409 3672 1458 3724 6.
1501 3670 1583 3724 16.
1624 3671 1675 3723 2.

615 3761 662 3827 2)
700 3760 938 3818 Dittenb.
980 3760 1099 3813 147.
1138 3777 1187 3813 v.
1227 3761 1292 3813 11
1332 3763 1386 3813 et
1424 3777 1547 3813 ann.
1589 3759 1640 3812 9.

615 3848 662 3916 3)
699 3849 856 3903 Diod.
897 3850 978 3901 17.
1018 3849 1070 3902 3.
1108 3848 1158 3902 3.
1197 3838 1436 3902 Di'ttenb.
1477 3849 1549 3901 l.l.
1589 3866 1640 3903 v.
1679 3847 1748 3901 25
1785 3845 2043 3899 ἐπαινέσαι
2083 3847 2134 3898 δὲ
2171 3849 2259 3898 καὶ
2295 3852 2410 3908 τοὺς
2430 3848 2678 3916 (limoque
2699 3855 2901 3920 Ἀκα)ρ-

562 3937 730 4000 (νᾶνας
765 3939 903 4002 νηοὺς
939 3935 1287 3999 βοηθήσαντας
1309 3976 1320 3988 .
1342 3977 1354 3990 .
1379 3978 1391 3990 .
1417 3976 1427 3988 .
1460 3935 1566 4006 καὶ)
1602 3934 1774 4006 dvcto)
1796 3936 2028 4006 αὗ(τ)οἰ’ς,
2064 3938 2152 3997 ἕως
2187 3938 2244 3989 ἂν
2280 3937 2627 4005 κατέλθωσιφ,
2659 3939 2899 4005 ’doymo-cv

561 4023 621 4076 aiv
657 4024 734 4094 ἂν)
758 4066 768 4078 .
790 4069 800 4081 ,
823 4023 1093 4088 βούλωνται
1129 4045 1170 4077 κ.
1208 4044 1254 4076 τ.
1291 4033 1338 4079 λ.

613 4115 663 4179 4)
702 4116 860 4171 Diod.
902 4117 984 4170 17.
1022 4117 1072 4171 3.
1114 4117 1173 4179 3;
1211 4117 1263 4170 4.
1301 4116 1351 4170 3.

613 4204 662 4270 5)
699 4206 948 4260 Aeschin.
987 4206 1214 4275 Parapr.
1254 4205 1323 4259 70
1360 4222 1478 4273 sqq.

612 4292 660 4359 6)
699 4293 907 4363 Dionys
960 4295 1058 4363 Ep.
1102 4294 1188 4347 ad.
1225 4295 1405 4348 Amm.
1427 4294 1472 4346 1.
1518 4293 1597 4346 11.
1621 4310 1673 4362 p.
1694 4292 2039 4354 74Ο.8.μετᾶι
2058 4292 2428 4350 τῆνὈλυνθίων
2448 4294 2900 4360 ἅλωσιν,ὶίρχοντος

562 4380 964 4443 Θεμιστοκλέους,
977 4385 1212 4438 συνθῆκαι
1235 4382 1462 4443 Φιλίππῳ
1482 4382 1594 4442 πρὸς
1613 4382 1908 4437 Ἀθηναίους
1920 4378 2140 4444 ἐγένοντο
2159 4381 2264 4444 περὶ
2282 4384 2453 4446 φιλίας
2470 4383 2557 4433 καὶ
2575 4388 2899 4449 συμμαχίας.

563 4469 845 4524 Demosth.
880 4471 999 4524 385.
1042 4472 1139 4536 13;
1178 4470 1386 4539 84.11;
1423 4457 1661 4524 345.'20.
1700 4471 1948 4524 Aeschin.
1987 4471 2212 4540 Parapr.
2247 4472 2331 4526 53.
2365 4472 2787 4544 61.inctosiph.
2806 4475 2896 4529 68.
