3338 5350
1713 505 1796 568 10

577 695 879 782 reliquae
916 704 1153 783 gentes
1196 697 1512 785 Illyricae
1559 701 1644 765 ad
1696 700 2020 767 Scodram
2067 702 2395 789 oppidum
2435 725 2645 789 usque
2668 703 2916 790 princi-

580 808 820 889 patum
866 804 1011 889 ejus
1060 813 1487 890 agnoverunt
1525 807 1594 887 1).

670 908 1253 987 Quemadmodum
1323 919 1551 978 autem
1617 914 1776 979 illae
1843 922 2081 1002 gentes
2154 915 2473 1003 Philippo
2518 916 2918 1002 conjunctae

582 1013 838 1079 fuerint
880 1017 1064 1082 haud
1114 1015 1315 1083 facile
1363 1020 1589 1085 dirimi
1634 1028 1878 1108 potest.
1926 1023 1986 1087 Ε
2023 1022 2223 1088 rebus
2261 1023 2469 1108 gestis
2506 1023 2702 1088 initio
2723 1024 2915 1108 regni

580 1122 954 1188 Alexandri
1017 1132 1211 1211 patet
1272 1127 1549 1212 quidem
1611 1129 1923 1194 nonullas
1983 1135 2248 1215 genteS‚
2298 1151 2548 1214 easque
2594 1131 2677 1195 ab
2727 1128 2915 1196 Occi-

583 1228 787 1293 dente
854 1229 1293 1297 Macedoniae
1360 1255 1544 1298 mare
1612 1257 1846 1300 versus
1914 1237 2105 1301 sedes
2189 1236 2517 1301 habentes
2587 1237 2711 1301 sub
2780 1238 2916 1302 suis

581 1335 851 1421 regibus
918 1335 1190 1404 foedere
1230 1339 1622 1425 conjunctas
1668 1340 1876 1407 fuisse
1923 1364 2077 1407 cum
2120 1341 2539 1427 Macedonia,
2587 1342 2917 1409 Arrianus

584 1443 640 1505 1.
691 1443 752 1506 5.
803 1443 859 1508 1.
911 1445 1092 1509 enim
1136 1445 1438 1532 loquitur
1471 1448 1570 1513 *de
1618 1447 1998 1514 defectione
2043 1447 2205 1515 Cliti
2243 1451 2421 1535 regis
2468 1450 2578 1514 6111
2597 1450 2916 1516 Glaucias

581 1547 1134 1615 Taulantinorem
1195 1574 1314 1617 rex
1373 1554 1744 1641 opitulatus
1812 1561 1933 1638 est,
1996 1578 2123 1621 nec
2167 1561 2399 1621 tamen
2445 1558 2773 1622 traditum
2814 1563 2916 1623 est

580 1676 747 1719 num
813 1656 1341 1723 contributiones
1408 1660 1709 1745 tulerint,
1777 1684 1912 1749 quo
1959 1684 2170 1749 usque
2209 1662 2532 1751 Philippo
2572 1662 2917 1748 subjectae

580 1758 852 1826 fuerint.
917 1761 1064 1829 Hoc
1131 1770 1400 1831 tantum
1462 1768 1709 1833 scimus
1770 1790 1881 1835 eos
1935 1768 2156 1835 nullos
2227 1769 2472 1834 milites
2540 1770 2800 1835 misisse
2842 1771 2915 1835 in

582 1868 1080 1955 expeditionem
1133 1871 1507 1938 Alexandri
1533 1874 1606 1958 2),
1657 1897 1694 1939 e
1734 1897 1869 1961 qua
1905 1898 1978 1940 re
2025 1875 2423 1941 concludere
2469 1875 2627 1941 licet
2675 1875 2915 1941 foedus

578 1997 731 2039 cum
777 1974 1177 2043 Macedonia
1215 1979 1463 2045 initum
1507 1981 1692 2048 haud
1736 1982 2047 2067 iniquum
2094 1983 2289 2049 victis
2336 1983 2555 2048 fuisse.

1246 2381 1286 2460 ξ
1333 2376 1398 2444 3.
1463 2375 1831 2444 Macedonia
1875 2376 1945 2444 et
1993 2375 2231 2461 Epirus.

669 2571 1181 2638 Matrimonium
1246 2594 1424 2638 anno
1491 2573 1621 2637 357
1694 2595 1734 2637 a
1821 2572 2142 2661 Philippo
2188 2573 2436 2639 initum
2481 2593 2636 2637 cum
2681 2572 2913 2658 Olym-

579 2681 802 2768 piade,
856 2679 1286 2768 Neoptolemi
1345 2679 1791 2745 Molossorum
1853 2682 2032 2767 regis
2076 2681 2238 2765 filia,
2287 2703 2459 2766 (11166
2505 2701 2660 2745 611111
2703 2678 2917 2744 fratre

580 2786 971 2852 Alexandro
1039 2786 1163 2852 sub
1225 2787 1441 2852 tutela
1505 2785 1734 2851 fratris
1788 2788 2055 2874 paterni
2104 2788 2446 2875 Arybbae‚
2494 2787 2676 2875 parti
2719 2787 2915 2872 regni

578 2892 926 2981 praefecta
986 2901 1150 2977 erat,
1218 2894 1539 2958 nimirum
1589 2895 1738 2979 regi
1781 2894 2218 2960 Macedoniae
2264 2896 2682 2961 occasionem
2727 2894 2916 2959 dedit

582 3001 880 3086 augendi
941 3001 1413 3066 auctoritatem
1465 3022 1657 3065 suam
1720 3001 1793 3065 in
1852 3001 2080 3088 Epiro,
2128 3001 2412 3068 fortasse
2458 3009 2676 3067 totam
2719 3002 2915 3086 regni

579 3114 845 3194 partem
898 3130 1074 3194 quae
1134 3107 1563 3194 Neoptolemi
1629 3105 1858 3172 liberis
1922 3108 2294 3173 obvenerat
2356 3109 2443 3173 ad
2490 3130 2559 3173 se
2609 3109 2817 3173 traxit
2841 3108 2910 3189 3).

579 3214 760 3280 Nam
805 3214 1006 3279 simul
1052 3236 1206 3279 611111
1253 3214 1661 3300 Olympiade
1710 3215 1915 3278 etiam
1960 3214 2174 3279 frater
2220 3215 2363 3301 ejus
2409 3215 2798 3280 Alexander
2840 3214 2910 3278 in

581 3322 1051 3387 Macedoniam
1108 3321 1379 3386 transiit
1422 3320 1654 3406 ibique
1704 3344 1918 3406 usque
1965 3323 2051 3387 ad
2098 3323 2494 3387 vicesimum
2542 3342 2795 3385 annum
2840 3320 2915 3384 in

581 3429 737 3493 aula
780 3432 970 3515 regia
1013 3430 1229 3495 vitam
1267 3419 1417 3514 egit
1459 3427 1511 3509 4)
1560 3451 1735 3515 quae
1778 3451 1884 3494 res
1908 3428 2212 3516 profecto
2236 3428 2428 3494 varia
2452 3427 2908 3493 emolumenta

578 3535 899 3623 Philippo
948 3536 1269 3620 attulerit,
1315 3536 1640 3624 Arybbae
1694 3542 1921 3600 autem
1969 3535 2373 3602 detrimento
2420 3535 2644 3599 fuerit.

668 3643 717 3708 J
720 3665 827 3708 am
877 3665 1054 3708 anno
1102 3644 1230 3707 352
1271 3643 1525 3709 bellum
1572 3633 1753 3708 inter
1797 3642 2153 3729 Epirotam
2199 3648 2267 3707 et
2304 3641 2701 3729 Philippum
2726 3662 2912 3705 exar-

583 3750 670 3814 sit
705 3749 779 3837 5),
833 3751 1014 3835 quod
1063 3749 1316 3815 bellum
1360 3751 1433 3815 in
1479 3750 1771 3816 eundem
1819 3771 2075 3815 annum
2110 3749 2312 3829 cadit,
2342 3770 2476 3835 quo
2499 3770 2606 3814 res
2631 3748 2912 3813 Thessa-

633 4018 679 4085 1)
715 4019 1027 4074 Mommsen
1061 4020 1123 4072 R.
1162 4018 1224 4075 Gr.
1263 4019 1311 4072 2.
1350 4019 1435 4073 41.

633 4108 682 4175 2)
719 4109 909 4174 Droys.
950 4109 998 4162 1.
1041 4109 1088 4162 1.
1129 4108 1249 4162 132.

633 4196 680 4265 3)
718 4198 910 4268 Droys.
951 4198 997 4251 1.
1032 4199 1077 4252 1.
1099 4198 1182 4252 95.
1223 4198 1404 4269 Satyr.
1444 4200 1506 4251 fr.
1528 4196 1577 4251 5.
1616 4196 1980 4260 προσεκτήσατο
2016 4197 2068 4248 δὲ
2106 4197 2190 4247 καὶ
2222 4199 2313 4257 τὴν
2350 4201 2616 4251 Momm-‘rm
2652 4198 2909 4261 βασιλείαν

583 4282 755 4349 γήμας
789 4284 1120 4349 Ὀλυμπιάδα.

633 4374 680 4437 4)
717 4376 900 4432 Justin
937 4376 985 4430 8.
1028 4378 1078 4431 6.

643 4464 692 4535 5)
728 4466 1010 4524 Demosth.
1055 4467 1139 4523 13.
1178 4469 1228 4522 6.
1266 4468 1460 4539 Droys.
1501 4467 1549 4522 1.
1585 4467 1632 4521 1.
1672 4466 1742 4521 89
1781 4483 1904 4521 ann.
