3338 5350
1533 518 1628 583 45

410 716 829 802 „Freiwfflig
897 715 1319 801 beigetreten
1388 736 1528 779 war
1587 712 1750 799 jede
1820 712 2021 779 Stadt
2093 712 2346 778 welche
2391 712 2580 777 nicht
2624 713 2751 777 mit

411 821 692 908 „Sturm
734 843 1141 909 genommen
1186 844 1347 887 war.
1404 820 1535 885 Die
1578 819 2098 906 Freiwilligkeit
2146 821 2262 885 des
2313 818 2751 885 Anschlusses

412 952 546 1016 „an
616 930 815 994 einen
875 928 1079 993 Bund
1149 928 1238 993 ist
1307 927 1518 992 daher
1580 926 1680 992 als
1728 926 2062 992 Merkmal
2110 928 2293 992 eines
2344 935 2749 992 autonomen

413 1036 988 1125 „Bundesstaates
1080 1056 1217 1101 von
1306 1033 1501 1100 mehr
1589 1033 2071 1099 theoretischer
2162 1032 2260 1098 als
2340 1033 2753 1121 practischer

415 1142 931 1230 „Bedeutung.”

499 1249 810 1315 Ceterum
859 1249 1082 1315 facere
1128 1270 1268 1315 non
1303 1269 1659 1336 possumus
1703 1248 1868 1334 quin
1893 1247 2340 1312 assentiamur
2362 1246 2751 1312 societatem

403 1357 714 1445 Phjlippi
761 1356 1137 1444 explevisse
1182 1377 1414 1421 omnes
1459 1355 1901 1437 conditioneS,
1950 1376 2125 1440 quae
2172 1353 2476 1419 societati
2499 1353 2753 1418 liberae

406 1464 883 1530 attribuendae
931 1469 1106 1544 sunt,
1177 1484 1352 1549 quae
1424 1462 1552 1527 hoc
1621 1461 1858 1526 ordine
1905 1460 2380 1526 describuntur
2429 1482 2467 1525 a
2515 1471 2604 1525 v0.
2655 1460 2749 1524 (10.

403 1570 652 1636 Busolt
694 1593 760 1658 p.
810 1570 958 1637 658.

503 1733 559 1794 1.
611 1730 708 1796 Ut
742 1729 912 1795 fines
959 1730 1292 1796 sociorum
1335 1730 1587 1815 integri
1632 1730 1789 1794 sint.

495 1838 561 1901 2.
608 1837 704 1903 Ut
751 1837 887 1902 suis
931 1836 1472 1902 institutionibus
1518 1835 1837 1902 fruantur
1882 1837 2061 1902 socii.

496 1944 560 2008 3.
607 1942 701 2007 Ut
746 1964 852 2008 res
899 1965 1072 2026 81138,
1143 1964 1317 2029 quae
1386 1944 1781 2009 societatem
1850 1966 1989 2010 non
2036 1944 2403 2029 attingunt,
2453 1942 2584 2029 ipsi
2633 1944 2750 2007 ad-

607 2051 1014 2115 ministrent.

493 2158 558 2222 4.
613 2157 703 2223 Ut
762 2157 844 2222 iis
906 2157 1192 2222 decretis
1244 2156 1560 2222 intersint
1609 2179 1784 2243 quae
1833 2157 1917 2222 de
1965 2156 2140 2222 bello
2184 2177 2261 2221 ac
2306 2177 2474 2243 pace
2517 2162 2748 2241 agunt,

607 2271 683 2329 ut
726 2265 1127 2330 auctoritate
1174 2287 1296 2330 sua
1340 2263 1619 2330 valeant
1675 2264 1749 2328 in
1794 2263 1996 2329 rebus
2072 2264 2415 2329 societatis
2464 2262 2749 2327 admini-

608 2370 922 2436 strandia

494 2479 559 2543 ὃ.
606 2477 703 2544 Ut
739 2478 1014 2543 tributis
1063 2478 1265 2544 vacui
1305 2478 1458 2543 sint.

497 2586 558 2650 6.
606 2585 705 2651 Ut
751 2591 993 2672 sponte
1038 2585 1347 2650 societati
1393 2584 1700 2671 adjuncti
1746 2587 1899 2651 sint.

496 2738 632 2803 Sed
678 2737 1116 2803 nihilominus
1141 2738 1428 2804 Graecia
1472 2737 1795 2826 Philippo
1829 2738 2133 2826 subjecta
2156 2746 2303 2804 erat
2329 2740 2417 2826 1);
2468 2741 2753 2805 auctori-

399 2852 550 2910 tate
608 2845 968 2933 Philippus
1038 2846 1268 2912 omnia
1353 2867 1822 2932 quaecumque
1911 2845 2129 2911 voluit
2219 2854 2561 2912 assecutus
2633 2854 2754 2930 est,

399 2972 586 3017 1111113
657 2953 1025 3035 suadendo,
1082 2974 1265 3016 nunc
1327 2953 1396 3017 vi
1460 2954 1926 3040 extorquendo
1970 2953 2039 3036 2),
2110 2975 2234 3040 per
2301 2953 2753 3040 speculatores

398 3058 865 3124 instruebatur
935 3060 1262 3145 quidnam
1326 3060 1449 3124 sibi
1512 3059 1904 3125 faciendum
1970 3068 2143 3125 esset
2173 3061 2241 3143 3).
2337 3061 2754 3148 Compendio

397 3167 472 3231 id
521 3165 788 3230 curavit
861 3175 936 3230 ut
984 3165 1191 3232 factio
1258 3167 1538 3254 politica
1583 3167 1712 3231 sibi
1776 3167 2095 3233 devincta
2152 3168 2225 3231 in
2272 3190 2541 3254 quaque
2590 3167 2753 3233 urbe

399 3272 707 3360 superior
753 3280 945 3356 esset,
996 3295 1100 3338 res
1150 3275 1234 3338 ad
1286 3296 1479 3339 suam
1527 3274 1897 3339 utilitatem
1940 3275 2463 3339 administraret.
2516 3277 2752 3360 Itaque

397 3401 524 3467 per
570 3378 901 3445 factiones
972 3402 1115 3445 sese
1183 3381 1256 3445 in
1299 3381 1588 3447 Graecia
1655 3381 1997 3464 sustinuit,
2045 3383 2421 3470 necessario
2469 3380 2752 3446 alteram

394 3494 668 3575 partem
705 3487 959 3552 civium
1009 3487 1288 3553 alterius
1340 3489 1749 3553 detrimento
1800 3489 1991 3553 auxit
2018 3487 2089 3576 4).
2367 3477 2371 3482 ’

449 3943 498 4011 ¹)
537 3943 718 3997 Schol.
776 3942 1061 3997 Demosth.
1120 3943 1238 3996 255.
1283 3943 1362 3996 12.
1401 3942 1527 4004 ὅμως
1562 3939 1732 4004 μέντοι
1772 3939 2029 3993 ὑπακούειν
2067 3943 2203 4006 αὐτῷ
2242 3944 2329 3994 καὶ
2365 3948 2502 3995 κατὰ
2531 3949 2625 4010 γῆν
2662 3947 2750 3997 καὶ

397 4033 535 4082 κατὰ
567 4031 851 4085 θάλατταν.
890 4033 1096 4086 Aelian.
1136 4032 1194 4086 V.
1235 4032 1299 4084 H.
1342 4032 1393 4085 6.
1433 4032 1483 4085 1.

450 4121 498 4190 2)
534 4120 818 4176 Demosth.
856 4121 980 4175 218.
1018 4121 1103 4174 10.

451 4208 501 4272 3)
538 4209 823 4265 Demosth.
865 4210 985 4264 219.
1026 4212 1111 4264 25.

451 4296 498 4361 4)
538 4299 602 4351 cf.
661 4316 725 4353 ea
761 4316 904 4366 quae
942 4299 1160 4368 scripsit
1197 4299 1456 4354 Schaefer
1492 4302 1542 4354 3.
1584 4300 1651 4354 58
1692 4300 1760 4354 de
1797 4300 1902 4355 hac
1940 4318 2014 4355 re.
2059 4302 2258 4357 Justin.
2303 4302 2354 4355 8.
2397 4305 2443 4356 1.
2484 4304 2533 4357 3.
2579 4303 2744 4371 „dum

403 4387 812 4455 „contentiones
869 4388 1177 4443 civitatium
1226 4388 1323 4442 alit
1362 4388 1632 4443 auxilium
1657 4389 2007 4445 inferioribus
2048 4391 2292 4453 ferend0‚
2331 4392 2507 4446 victor
2539 4392 2744 4463 pariter

402 4476 780 4543 ,victoresque
820 4476 1003 4530 subire
1044 4477 1254 4546 regiam
1293 4477 1616 4532 servitutem
1654 4477 1891 4547 coegit.'’
