3338 5350
1651 480 1779 542 104

543 675 650 739 καὶ
715 680 812 738 νῦν
873 673 1062 738 οἴεται
1123 675 1244 738 δεῖν
1308 674 1457 754 ὑπὲρ
1513 683 1624 749 τῆς
1669 683 1862 748 κοινῆς
1906 680 2023 739 τῶν
2071 676 2381 749 Ἑλλήνων
2430 676 2731 757 σωτηρίας
2776 675 2885 739 καὶ

541 783 788 860 σώμασι
839 782 946 846 καὶ
998 783 1280 862 χρήμασι
1328 783 1435 846 καὶ
1484 783 1660 847 ναυσὶ
1708 781 2175 863 προκινδυνεύειν
2217 782 2289 866 ¹).

629 891 724 955 Et
790 890 955 955 dum
1019 889 1231 976 legati
1302 890 1406 955 illi
1472 891 1701 957 varias
1768 889 1967 955 urbes
2037 891 2313 972 adeunt,
2405 889 2664 956 bellum
2738 890 2889 976 jam

541 997 809 1063 exarsit.
903 995 1112 1083 Cujus
1159 997 1321 1063 belli
1363 998 1647 1064 historia
1708 1019 1788 1063 eo
1855 997 2059 1063 modo
2120 997 2195 1062 in
2240 1019 2455 1062 unum
2501 998 2687 1063 cadit
2731 1020 2890 1063 cum

539 1105 823 1169 historia
886 1106 1223 1170 societatis
1294 1126 1500 1191 quam
1568 1104 1814 1171 Graeci
1881 1111 2047 1170 tunc
2105 1105 2424 1182 inierunt,
2485 1111 2564 1170 ut
2611 1107 2889 1171 omnino

542 1210 840 1297 disjungi
884 1233 1024 1278 non
1066 1213 1348 1299 possint,
1395 1211 1676 1278 historia
1725 1211 1929 1296 hujus
1973 1211 2138 1277 belli
2161 1211 2401 1277 eodem
2444 1218 2751 1300 tempore
2796 1214 2887 1278 sit

537 1317 816 1384 historia
860 1320 1196 1384 societatis
1245 1318 1659 1384 Hellenicae.

627 1426 713 1490 In
758 1426 926 1491 duas
993 1432 1222 1514 partes
1294 1432 1522 1491 autem
1588 1432 1881 1514 utraque
1925 1426 2299 1492 dividenda
2343 1433 2467 1510 est,
2528 1449 2707 1514 quae
2750 1427 2890 1491 dis·

535 1533 989 1598 terminantur
1055 1539 1274 1598 morte
1338 1532 1738 1598 Leosthenis
1807 1539 1877 1598 et
1936 1532 2287 1600 obsidione
2349 1534 2635 1599 Lamiae
2677 1534 2885 1599 urbis.

535 1640 718 1704 Nam
777 1661 989 1727 usque
1034 1640 1124 1704 ad
1166 1639 1338 1704 illud
1383 1646 1711 1728 punctum
1754 1640 2100 1728 temporie,
2147 1639 2348 1706 simul
2391 1661 2549 1706 cum
2592 1640 2795 1705 rebus
2844 1663 2889 1705 a

534 1747 918 1812 Leosthene
956 1768 1280 1835 prospere
1322 1747 1549 1832 gestis,
1597 1744 1807 1811 etiam
1853 1747 2136 1812 societas
2197 1767 2496 1811 crescere
2540 1747 2885 1834 perrexit3

533 1860 690 1944 post
731 1854 936 1940 hujus
979 1865 1268 1921 mortem
1313 1859 1560 1937 autem,
1608 1875 1766 1918 cum
1809 1875 1915 1918 res
1961 1855 2288 1919 adversae
2315 1852 2579 1937 fierent,
2626 1853 2889 1919 bellum

533 1961 728 2050 quasi
772 1963 1333 2047 exstingueretur,
1382 1961 1621 2027 eodem
1663 1966 1973 2047 tempore
2018 1961 2299 2026 societas
2339 1981 2609 2048 quoque
2634 1961 2885 2026 sensim

532 2069 1029 2157 paullatimque
1076 2068 1340 2156 dilapsa
1383 2074 1506 2133 est.

620 2175 1037 2241 Leosthenes
1083 2174 1339 2241 bellum
1388 2176 1686 2262 suscepit
1727 2174 2215 2263 proficiscendo
2284 2176 2357 2239 in
2399 2174 2681 2240 Aetolos
2725 2195 2887 2239 cum

529 2283 860 2349 militibus
905 2284 1042 2349 suis
1082 2305 1328 2370 eosque
1375 2284 1587 2349 socios
1626 2282 1754 2348 sibi
1802 2282 2109 2348 adscivit.
2196 2281 2372 2346 Tum
2419 2281 2509 2346 ad
2554 2281 2881 2348 Thermo·

531 2380 731 2478 pylas
775 2389 1143 2478 profectus,
1213 2391 1340 2456 sibi
1409 2389 1733 2477 deinceps
1794 2388 2105 2475 adjunxit
2148 2394 2420 2453 tantum
2463 2409 2600 2453 non
2648 2409 2886 2454 omnes

532 2497 736 2563 urbes
803 2497 1211 2580 Thessaliae,
1285 2497 1556 2579 LocrOS,
1624 2495 2030 2576 Phocenses,
2116 2517 2271 2560 eam
2334 2500 2603 2581 partem
2668 2494 2880 2560 Acar-

530 2605 778 2670 naniae
845 2627 1022 2693 quae
1080 2604 1341 2670 Aetolis
1410 2603 1717 2690 subjecta
1782 2610 1947 2687 erat,
2015 2602 2358 2668 Aenianes
2427 2601 2767 2689 Alyzaeos
2813 2609 2887 2667 et

532 2712 851 2800 DolopeS,
900 2715 1178 2800 insuper
1224 2712 1669 2795 Athamanes,
1709 2711 2113 2794 Leucadios,
2156 2709 2485 2776 Molossos
2528 2710 2883 2797 Aryptaeo

533 2821 724 2904 duce,
765 2820 884 2907 qui
932 2825 1161 2884 autem
1204 2818 1437 2908 paullo
1481 2825 1636 2907 post
1681 2821 1754 2883 in
1788 2823 2017 2906 partes
2053 2817 2534 2884 Macedonicae
2573 2838 2645 2881 se
2689 2816 2882 2881 incli-

533 2929 748 3009 navit,
822 2928 1028 2991 etiam
1089 2934 1355 3013 partem
1421 2925 1813 3013 Illyriorum
1882 2932 1951 2991 et
2015 2926 2374 3007 Thracum,
2445 2925 2562 3010 qui
2607 2924 2764 2989 odio
2807 2925 2883 2989 in

528 3034 934 3100 Macedones
981 3034 1070 3099 ad
1113 3032 1371 3098 bellum
1416 3032 1865 3098 trahebantur
1883 3033 1959 3119 2).
2050 3030 2187 3098 Sed
2233 3032 2473 3098 eodem
2518 3030 2665 3096 fere
2706 3036 2879 3096 tem-

524 3162 691 3229 pore
735 3162 882 3206 sese
924 3139 1406 3205 Macedonibus
1449 3139 2004 3227 applicaverunt:
2052 3140 2313 3222 Boeoti,
2349 3139 2782 3206 Euboeenses
2804 3138 2878 3233 ³),

526 3245 856 3333 Carystiis
926 3248 1246 3334 exceptis,
1306 3246 1570 3334 reliqua
1635 3269 1796 3334 pars
1862 3246 2288 3312 Acarnaniae
2340 3268 2517 3333 quae
2563 3248 2667 3311 sui
2704 3245 2881 3332 juris

526 3362 691 3438 erat,
737 3354 981 3419 Lamia
1028 3360 1097 3419 et
1146 3353 1480 3420 Heraclea
1526 3354 1614 3420 ad
1660 3353 2171 3442 ThermopylaS,
2217 3353 2493 3420 Thebae
2538 3353 2877 3419 Phthioti-

528 3462 657 3527 dae
705 3468 774 3525 et
819 3459 1109 3525 Pelinna
1132 3459 1206 3543 ⁴).
1271 3460 1405 3526 Hic
1449 3459 1592 3525 fere
1638 3468 1856 3527 status
1900 3460 2033 3527 fuit
2078 3463 2413 3527 societatis
2458 3461 2874 3543 Hellenicae,

522 3590 680 3634 cum
745 3574 902 3656 post
967 3590 1274 3656 pugnam
1343 3568 1527 3656 apud
1593 3566 1991 3633 Heracleam
2038 3569 2401 3655 Antipater
2444 3567 2726 3633 Lamiae
2770 3569 2874 3631 in-

523 3674 746 3741 clusus
798 3680 920 3740 est.

545 3782 556 3792 ’
614 3782 941 3848 Successu
1004 3786 1232 3847 autem
1279 3781 1803 3847 Atheniensium
1847 3781 2188 3864 incitatae,
2223 3787 2602 3846 commotae
2644 3781 2872 3846 horta-

521 3888 817 3955 tionibus
861 3888 1244 3975 legatorum
1287 3890 1358 3952 in
1403 3888 1870 3976 Peloponneso
1917 3887 2432 3973 ambulantium,
2478 3888 2873 3977 Hyperidis,

573 4158 622 4224 1)
660 4158 823 4212 Diod.
869 4156 954 4211 18.
993 4157 1076 4211 10.

574 4257 624 4316 2)
662 4255 819 4310 Diod.
862 4254 943 4309 18.
984 4255 1066 4307 11.
1108 4255 1155 4307 1.
1193 4256 1359 4308 Paus.
1397 4254 1445 4307 1.
1484 4253 1568 4306 25.
1608 4253 1658 4306 3.
1700 4252 1895 4322 Droys.
1934 4252 1984 4304 2.
2025 4252 2055 4305 1
2110 4252 2181 4305 52
2212 4269 2338 4307 ann.
2384 4254 2438 4306 2.

578 4345 628 4412 3)
667 4345 863 4416 Droys.
902 4345 952 4397 2.
995 4346 1043 4398 1.
1080 4344 1151 4397 50
1186 4361 1312 4397 ann.
1352 4343 1404 4397 3.

576 4434 627 4501 4)
669 4434 932 4488 Schaefer
969 4432 1124 4485 Dem.
1163 4434 1213 4485 3.
1252 4433 1374 4485 365.
