3338 5350
1700 528 1746 591 8

554 724 627 787 in
697 723 1115 804 Macedonia,
1189 723 1372 788 unde
1440 747 1687 791 nomen
1757 723 2206 789 derivandum
2278 728 2397 807 est,
2470 723 2886 810 alteramque
2991 786 2998 793 .

553 829 973 913 Heracleam,
1013 852 1257 919 nempe
1304 829 1654 915 Sinticam,
1680 832 1921 896 iisdem
1946 830 2361 918 temporibus
2386 831 2887 896 attribuendam

554 959 697 1004 esse
723 937 795 1020 1).

642 1044 1183 1109 Consentaneum
1244 1052 1348 1111 est
1391 1046 1718 1133 suspicari
1760 1044 2158 1131 Philippum
2204 1043 2440 1109 eodem
2486 1045 2686 1109 modo
2744 1045 2889 1130 jam

554 1158 701 1216 tum
746 1151 914 1216 fines
982 1173 1134 1217 suos
1204 1152 1506 1218 firmasse
1551 1175 1592 1217 a
1637 1152 1918 1218 meridie
1986 1151 2171 1216 lacus
2231 1149 2681 1237 Lychnitidis,
2728 1173 2887 1237 gen·

552 1264 788 1343 tesque
833 1258 1306 1324 meridionales
1375 1259 1674 1345 Illyriae,
1744 1258 1958 1346 Epiro
2025 1256 2342 1342 confines,
2392 1258 2889 1344 quodammodo

554 1365 685 1429 sibi
754 1365 1078 1430 obnoxias
1145 1367 1539 1433 reddidisse.
1634 1367 1887 1434 Orestis
1956 1366 2157 1447 enim,
2226 1362 2648 1452 quaeregio
2712 1386 2888 1429 anno

554 1473 685 1538 359
732 1472 954 1537 adhuc
999 1473 1103 1537 sui
1143 1473 1314 1558 juris
1361 1481 1510 1540 erat
1536 1475 1589 1560 2)
1650 1478 1724 1540 in
1768 1475 1903 1539 fine
1950 1495 2111 1539 vero
2155 1473 2350 1559 regni
2393 1471 2701 1559 Phihppi
2743 1470 2887 1535 Ma-

553 1579 876 1644 cedonica
942 1577 1077 1644 fuit
1146 1579 1507 1666 (Diodorus
1557 1583 1662 1646 16.
1711 1582 1815 1647 93.
1868 1582 1910 1647 3
1979 1581 2160 1646 enim
2225 1579 2436 1644 tradit
2480 1578 2889 1643 Pausaniam

553 1685 859 1774 Philippi
925 1708 1387 1774 percussorem
1454 1687 1900 1753 Macedonem
1967 1686 2174 1752 fuisse
2246 1708 2330 1751 ex
2375 1686 2703 1768 Orestide)
2745 1683 2887 1770 jam

552 1815 735 1858 nunc
777 1816 989 1879 regno
1036 1794 1359 1879 adjuncta
1406 1794 1491 1858 sit
1539 1817 1814 1860 necesse
1859 1800 1978 1858 est.
2056 1794 2235 1859 Nam
2280 1814 2503 1878 neque
2547 1792 2888 1880 expeditio

552 1901 1019 1965 Parmenionis
1069 1902 1232 1965 anni
1276 1903 1407 1966 356
1454 1909 1690 1967 contra
1713 1901 1981 1988 Illyrios
2007 1899 2565 1989 septentrionales
2593 1899 2645 1986 3)
2669 1921 2888 1986 neque

553 2008 770 2095 magis
818 2007 1070 2073 bellum
1119 2030 1297 2073 911110
1344 2010 1476 2075 355
1519 2009 1604 2075 ab
1672 2009 1948 2095 Illyriis,
1995 2008 2397 2091 PaeonibuS‚
2425 2012 2494 2072 et
2518 2006 2886 2072 Thracibus

551 2113 993 2180 Macedoniae
1037 2115 1413 2180 confinibus
1441 2115 1489 2198 4)
1536 2113 2066 2181 Atheniensibus
2092 2115 2410 2180 societate
2436 2113 2809 2199 conjunctis
2837 2113 2885 2197 5)

553 2226 788 2286 contra
832 2220 1231 2308 Philippum
1278 2229 1662 2310 susceptum
1688 2222 1762 2310 6),
1811 2223 2124 2308 quamvis
2170 2221 2460 2287 feliciter
2505 2242 2546 2285 a
2577 2220 2888 2286 Macedo-

552 2327 751 2393 nibus
820 2334 1090 2414 gestum
1121 2327 1187 2412 7),
1256 2328 1459 2394 ullius
1530 2330 1860 2395 momenti
1906 2351 2047 2395 esse
2093 2329 2319 2416 potuit
2365 2329 2450 2393 ad
2500 2327 2888 2414 augendum

552 2456 840 2520 regnum
885 2435 1243 2501 Meridiem
1288 2457 1542 2501 versus.

640 2540 843 2606 Patet
890 2541 1072 2606 enim
1118 2564 1202 2607 ex
1245 2542 1686 2631 inscriptione
1736 2566 1940 2631 supra
1972 2544 2182 2607 citata
2225 2563 2455 2627 regem
2499 2541 2887 2628 Illyriorum

552 2649 681 2715 hoc
746 2650 818 2714 in
865 2649 1044 2715 bello
1091 2648 1302 2716 fuisse
1354 2649 1680 2734 Grabum,
1732 2650 1921 2738 cujus
1965 2671 2252 2736 regnum
2299 2649 2674 2715 necessario
2721 2646 2885 2736 Sep-

553 2756 961 2822 tentrionem
1008 2779 1239 2823 versus
1287 2758 1491 2823 situm
1528 2765 1703 2842 erat,
1752 2781 1905 2824 cum
1944 2758 2090 2844 jam
2135 2778 2319 2822 nunc
2362 2754 2579 2821 Clitus
2625 2756 2887 2842 Bardy-

553 2864 636 2929 lis
697 2863 877 2929 filius
927 2864 976 2944 8)
1044 2871 1199 2952 post
1264 2865 1478 2953 patris
1561 2870 1849 2931 mortem
1914 2863 2097 2950 parti
2141 2862 2568 2929 meridionali
2612 2861 2890 2949 Illyriae

552 2972 938 3058 imperaret,
983 2992 1205 3058 neque
1248 2971 1409 3037 huic
1452 2971 1630 3037 bello
1677 2972 2052 3036 interesset.

640 3078 732 3142 Et
780 3083 1007 3143 tamen
1055 3086 1339 3166 apparet
1387 3077 1766 3144 Orestidem
1815 3084 1972 3143 91119
2021 3076 2520 3164 expeditionem
2560 3076 2721 3141 anni
2758 3076 2887 3139 345

552 3185 625 3248 in
668 3183 938 3270 Illyrios
988 3190 1056 3249 91
1094 3190 1332 3270 gentes
1381 3182 1876 3273 Septentrionis
1902 3183 2275 3270 subjectam
2299 3204 2460 3248 esse.
2509 3183 2692 3248 Ante
2708 3183 2889 3247 hunc

555 3314 811 3357 annum
858 3291 1037 3356 enim
1084 3312 1315 3357 omnes
1350 3298 1588 3378 gentes
1625 3292 1923 3378 myriae,
1968 3291 2265 3379 exceptis
2286 3291 2369 3355 iis
2394 3311 2567 3376 quae
2593 3291 2678 3354 ad
2703 3310 2889 3354 mare

553 3398 1027 3464 Hadriaticum
1067 3401 1257 3465 sedes
1304 3399 1671 3483 habebant,
1720 3421 1878 3487 pars
1925 3397 2165 3464 foedus
2210 3397 2422 3464 iniere
2468 3419 2622 3462 cum
2664 3397 2887 3461 Μ999-

552 3505 777 3589 donia,
816 3528 974 3593 pars
1015 3506 1128 3571 vel
1173 3507 1305 3594 ipsi
1341 3527 1552 3591 regno
1600 3506 1964 3591 adjunctae
2009 3511 2204 3570 erant
2230 3504 2301 3588 9),
2347 3509 2426 3569 111
2472 3509 2756 3591 apparet
2801 3524 2885 3567 ex

606 3684 654 3743 1)
691 3684 874 3739 Kuhn.
914 3704 967 3756 p.
1006 3684 1111 3739 315
1151 3688 1206 3740 et
1239 3685 1362 3739 316.

604 3774 654 3841 2)
693 3775 877 3842 Kuhn,
917 3774 1019 3828 144
1058 3778 1114 3828 et
1156 3769 1274 3827 146.

605 3862 655 3930 3)
691 3862 836 3917 Ρ1111.
875 3862 1029 3916 Alex.
1066 3863 1115 3916 3.
1156 3863 1223 3916 cf.
1263 3861 1526 3917 Schaefer
1562 3863 1846 3918 Demosth.
1885 3863 1934 3914 2.
1974 3862 2058 3916 25.

603 3951 650 4020 4)
692 3952 931 4005 Dittenb.
973 3951 1091 4004 114.
1131 3967 1255 4005 ann.
1294 3950 1344 4003 2.

602 4039 652 4106 5)
690 4039 827 4094 Ibid.

602 4127 648 4195 6)
684 4128 840 4183 Diod.
882 4128 964 4182 16.
1002 4128 1087 4183 22.
1132 4129 1182 4183 3.

606 4217 652 4286 7)
687 4217 968 4271 Demosth.
1014 4217 1096 4270 15.
1136 4216 1223 4271 25.

604 4306 651 4373 8>
686 4305 899 4359 Arriam.
939 4304 987 4357 1.
1029 4304 1077 4358 5.
1119 4306 1167 4360 1.

606 4393 653 4461 9)
691 4395 859 4448 Isoer.
900 4393 1039 4447 Phil.
1081 4395 1165 4448 21.
1203 4413 1256 4465 p.
1277 4395 1362 4449 86.
1403 4396 1491 4445 τοῦ
1530 4394 1573 4443 δ’
1595 4401 1832 4457 Ἰλλυριῶν
1868 4393 2093 4454 πλήθους
2129 4393 2255 4450 πλὴν
2290 4399 2385 4443 τῶν
2423 4396 2555 4454 παρὰ
2589 4396 2672 4444 τὸν
2692 4392 2886 4457 “Αδρίαν

555 4479 805 4533 οἰκούντων
841 4479 1084 4545 ἐγκρατὴς
1121 4482 1207 4533 καὶ
1244 4480 1393 4546 κύριος
1427 4483 1642 4547 γέγονεν.
1681 4484 1837 4539 Diod.
1879 4484 1963 4538 16.
2001 4484 2086 4538 69.
2127 4484 2173 4535 7.
2214 4483 2428 4538 Schaef.
2468 4484 2517 4535 2.
2556 4482 2677 4537 345.
