3338 5350
1731 491 1818 559 82

614 689 731 775 qui
799 690 983 777 apud
1051 713 1123 756 se
1168 691 1475 756 mercede
1541 690 1860 757 conducti
1928 690 2270 778 stipendia
2314 689 2619 755 facerent
2640 688 2712 775 1).
2806 687 2944 755 Sed

612 796 790 882 regis
857 797 1221 863 immatura
1288 819 1465 864 mors
1536 798 1641 862 his
1706 798 2018 863 omnibus
2067 797 2272 862 finem
2318 796 2661 886 imposuit,
2712 797 2947 862 statim

612 909 765 990 post
812 903 1073 969 obitum
1118 902 1262 990 ejus
1329 905 1734 971 immensum
1778 905 2139 992 imperium
2188 904 2274 969 ab
2321 905 2507 970 omni
2552 910 2748 992 parte
2790 925 2943 990 per-

611 1010 962 1076 turbatum
1007 1018 1129 1076 est.

680 1389 721 1467 ξ
763 1384 833 1451 4.
898 1384 985 1453 De
1031 1385 1225 1454 rebus
1270 1400 1438 1453 anne
1486 1385 1631 1453 223
1681 1385 1999 1471 Babylone
2046 1385 2432 1454 constitutis.
2483 1385 2572 1454 ne
2618 1384 2874 1469 imperio

922 1492 1330 1561 Macedonico
1374 1493 1494 1560 sub
1541 1491 1867 1562 Perdicca.
1968 1491 2131 1560 india
2175 1493 2245 1561 et
2288 1491 2633 1578 Aegyptus.

1164 1600 1396 1672 Bellum
1441 1600 1671 1669 cenna
1715 1600 2083 1669 Perdiccam
2129 1600 2397 1685 nestum.

697 1797 882 1864 Ante
951 1798 1179 1864 omnia
1247 1799 1379 1862 alia
1443 1798 1612 1864 haec
1678 1799 2046 1886 praecipua
2095 1799 2399 1885 quaestio
2447 1805 2596 1863 orta
2644 1805 2746 1864 est
2789 1805 2947 1886 post

610 1905 788 1991 regis
833 1911 1140 1988 mortem,
1182 1904 1268 1969 ad
1318 1927 1682 1990 quemnam
1727 1904 2055 1971 heredum
2103 1905 2247 1991 ejus
2284 1904 2399 1990 jus
2424 1905 2948 1971 administrandi

608 2012 877 2100 imperii
944 2012 1364 2099 pertinuerit.
1441 2012 1621 2078 Nam
1667 2012 1845 2077 varii
1893 2012 2365 2099 competitores
2412 2018 2683 2101 praesto
2729 2018 2944 2078 erant.

610 2119 969 2206 Praecipui
1014 2118 1294 2184 fuerunt
1337 2117 1516 2183 filius
1562 2118 1937 2183 Alexandri
1983 2127 2053 2183 et
2097 2119 2412 2184 Roxanes
2461 2119 2580 2205 qui
2616 2141 2775 2184 mox
2795 2141 2944 2184 nas-

610 2225 865 2291 citurus
909 2206 1076 2309 erat,
1124 2224 1484 2312 Cleopatra
1528 2224 1904 2290 Alexandri
1950 2247 2156 2309 soror,
2199 2225 2412 2291 frater
2457 2226 2638 2311 regis
2682 2224 2944 2313 Philip·

606 2354 737 2419 pus
804 2331 1240 2415 ArrhidaeuS,
1311 2337 1382 2396 et
1448 2330 1768 2397 Heracles
1835 2330 2015 2398 filius
2076 2332 2448 2398 Alexandri
2495 2340 2564 2398 et
2605 2332 2942 2398 Barsines.

608 2439 716 2504 Ex
758 2440 840 2504 iis
888 2446 1117 2504 autem
1159 2445 1314 2526 post
1362 2437 1763 2503 seditionem
1785 2438 2082 2503 militum
2104 2438 2461 2526 Babylone
2480 2460 2673 2524 reges
2697 2461 2946 2504 renun-

611 2547 771 2612 ciati
794 2552 993 2612 sunt:
1039 2544 1400 2634 Philippus
1424 2543 1531 2609 III
1580 2545 1998 2611 Arrhidaeus
2034 2545 2442 2633 (323—317)
2467 2552 2536 2612 et
2557 2546 2947 2612 Alexander

608 2654 710 2720 IV
756 2653 1160 2739 (323—311)
1207 2653 1523 2719 Roxanes
1569 2651 1769 2717 filius.

695 2761 934 2827 Infans
1002 2760 1390 2826 Alexander
1456 2760 1691 2824 matris
1737 2761 2053 2827 Roxanes
2112 2783 2314 2827 curae
2362 2762 2753 2828 commissus
2798 2770 2943 2845 est;

610 2870 970 2958 Philippus
1015 2869 1208 2934 brevi
1250 2874 1404 2955 post
1431 2867 1822 2952 Eurydicen
1843 2890 2123 2934 uxorem
2155 2869 2369 2952 duxit,
2395 2889 2569 2955 quae
2586 2868 2689 2934 illi
2714 2889 2948 2934 curam

611 2982 681 3040 et
728 2997 1024 3042 amorem
1061 2977 1218 3064 piae
1264 2974 1571 3060 conjugis
1616 2975 1963 3061 praestitit
1984 2976 2055 3057 2).

698 3083 856 3149 Una
902 3105 1056 3148 cum
1098 3082 1462 3169 Antipatro
1504 3102 1699 3166 reges
1746 3102 1904 3146 cum
1949 3082 2201 3168 reginis
2252 3089 2541 3148 exeunte
2587 3103 2767 3148 anno
2812 3083 2943 3147 321

609 3190 684 3254 in
728 3189 1199 3255 Macedoniam
1240 3192 1689 3271 reverterunt,
1767 3188 1887 3253 ubi
1932 3196 2219 3276 uterque
2260 3210 2474 3276 usque
2522 3188 2609 3254 ad
2653 3195 2947 3255 mortem

610 3297 872 3383 regium
914 3295 1192 3361 titulum
1237 3296 1464 3380 gessit.
2302 3299 2311 3314 ²

699 3405 803 3468 De
872 3403 1264 3490 quaestione
1332 3406 1468 3470 utri
1534 3425 1823 3490 regnum
1904 3404 2160 3490 optimo
2213 3402 2367 3489 jure
2438 3402 2948 3468 attribuendum

612 3518 805 3594 esset,
878 3511 964 3576 de
1030 3511 1421 3597 quaestione
1488 3534 1653 3576 num
1700 3510 1875 3577 forte
1921 3532 2249 3598 personae
2292 3509 2567 3594 fuerint,
2621 3510 2709 3574 ad
2756 3531 2944 3595 quas,

613 3617 814 3685 simul
856 3639 1010 3683 cum
1053 3617 1269 3683 tutela
1312 3617 1596 3684 infantis
1663 3619 1979 3683 Roxanes
2050 3617 2347 3703 legitime
2409 3618 2615 3682 etiam
2658 3637 2949 3701 regnum

610 3724 1033 3814 pertinuerit,
1106 3725 1191 3790 de
1257 3724 1651 3811 quaestione
1719 3746 1885 3790 num
1955 3723 2073 3788 alii
2117 3723 2438 3812 Philippo
2486 3723 2949 3810 anteponendi

609 3832 885 3915 fuerint,
957 3832 1075 3917 qui
1135 3830 1334 3917 juxta
1401 3832 1717 3897 Roxanes
1786 3830 2126 3896 infantem
2162 3835 2544 3916 regnarent,
2595 3828 2948 3917 opiniones

611 3960 1022 4026 magnopere
1067 3939 1561 4027 discrepabant.

702 4045 932 4112 Primo
976 4044 1123 4112 loco
1181 4045 1295 4132 jus
1364 4044 1787 4133 Olympiadis
1848 4046 2082 4111 matris
2144 4046 2323 4130 regis
2382 4044 2950 4111 considerandum

613 4159 736 4218 est.
780 4153 961 4218 Nam
1007 4174 1420 4239 quamquam
1464 4153 1674 4238 vulgo
1722 4152 1808 4216 ad
1853 4151 2030 4217 hanc
2073 4173 2213 4216 rem
2258 4172 2503 4238 parum
2550 4149 2948 4235 attenditur,

662 4356 710 4427 1)
747 4358 904 4413 Diod.
944 4358 1027 4412 17.
1066 4359 1185 4413 111.
1226 4357 1380 4413 1—3.

665 4448 713 4518 2)
751 4448 961 4503 Arx-ian.
999 4446 1136 4516 323.
1174 4447 1435 4517 Polyaen.
1474 4447 1523 4500 8.
1561 4447 1646 4500 60.
1686 4447 1841 4501 Diod.
1882 4447 1964 4500 19.
2003 4447 2088 4500 52.
2125 4447 2189 4512 53
2228 4447 2311 4500 19.
2351 4446 2434 4500 11.
2473 4446 2521 4501 7.
