3338 5350
5 3108 8 3145 ᾼ,
4 2706 23 3003 ᾗῂῂήγηνᾼ
5 2629 8 2670 ἡ.
5 2457 8 2576 ψῃ--

1510 521 1634 588 157

399 739 525 805 pro
595 740 728 804 quo
795 717 967 783 nihil
1024 718 1310 805 adeptus
1379 717 1485 800 sit,
1526 717 1656 783 nisi
1696 718 2019 805 Epirotae
2065 721 2470 806 promissum
2508 721 2742 786 auxilii

402 826 485 890 ad
573 824 853 891 fratrem
961 847 1175 911 regno
1262 825 1676 913 pellendum,
1773 827 1860 891 ad
1950 829 2419 913 usurpandum
2501 830 2743 895 solium

399 933 706 1017 regium?
797 932 989 1011 Quod
1059 954 1185 1018 ego
1259 932 1534 1018 quidem
1602 932 1790 998 nullo
1859 933 2062 999 modo
2131 933 2463 1019 conjicere
2505 938 2737 1001 ausim.

401 1038 584 1116 Quae
653 1061 807 1104 cum
874 1040 971 1103 ita
1041 1041 1177 1104 sint
1243 1038 1470 1103 facere
1536 1061 1675 1104 non
1746 1060 2022 1125 possum
2091 1042 2256 1125 quin
2304 1043 2601 1129 suspicer
2646 1045 2742 1109 sic

402 1147 794 1210 convenisse
837 1146 1015 1211 inter
1058 1146 1399 1232 Pyrrhum
1423 1152 1493 1210 et
1515 1145 2017 1212 Alexandrum:
2066 1147 2456 1214 Alexander
2477 1150 2743 1236 Pyrrho

401 1273 702 1316 cessurus
772 1260 917 1317 erat
989 1254 1373 1340 provincias
1436 1252 1887 1318 occidentales
1934 1252 2374 1319 Macedoniae
2421 1254 2740 1340 adjectas,

403 1380 687 1445 quarum
755 1360 976 1447 pretio
1046 1360 1328 1448 Epirota
1388 1362 1448 1424 ei
1518 1380 1718 1447 opem
1778 1358 2039 1424 laturus
2109 1368 2273 1443 erat,
2336 1367 2416 1425 ut
2459 1360 2743 1428 fratrem

400 1487 609 1551 regno
648 1466 1060 1532 deturbaret.

490 1570 797 1651 Quonam
845 1580 1073 1639 autem
1119 1594 1426 1639 successu
1472 1573 1864 1639 Alexander
1911 1573 2191 1639 consilia
2237 1596 2359 1639 sua
2391 1582 2742 1642 exsecutus

402 1681 507 1763 sit,
552 1686 790 1746 notum
837 1687 957 1746 est.
1004 1679 1368 1768 Antipater
1412 1702 1624 1767 regno
1673 1702 1792 1746 suo
1839 1680 2236 1746 deturbatus
2286 1688 2406 1766 est,
2453 1682 2745 1748 salutem

398 1787 598 1874 petiit
666 1788 850 1874 apud
917 1786 1422 1874 Lysimachum,
1493 1788 1611 1873 qui
1679 1788 1752 1852 id
1816 1810 1857 1852 a
1918 1788 2183 1873 Pyrrho
2229 1791 2623 1877 impetravit
2666 1797 2745 1855 ut

399 1916 640 1980 pacem
677 1896 856 1959 inter
899 1893 1144 1959 fratres
1192 1896 1576 1960 restitueret
1602 1894 1675 1978 1).
1705 1895 1796 1960 Hi
1824 1903 2053 1960 autem
2078 1895 2324 1961 deinde
2350 1896 2742 1982 aliquantis-

399 2023 524 2089 per
568 2001 985 2086 conjunctim
1029 2000 1470 2067 Macedoniae
1513 2009 1863 2089 praesunt,
1914 2003 2058 2067 sive
2103 2006 2443 2068 communi
2467 2003 2743 2069 consilio

401 2130 507 2173 res
578 2109 1144 2192 administranteS,
1214 2115 1293 2173 ut
1363 2108 1577 2174 tradit
1636 2109 1975 2174 Diodorus
2003 2110 2076 2194 2),
2123 2111 2268 2176 sive
2313 2110 2562 2197 singuli
2608 2112 2744 2176 suis

398 2217 786 2301 regionibus
853 2215 1182 2304 praefecti
1210 2214 1283 2300 3),
1352 2237 1505 2281 cum
1576 2217 1723 2280 sine
1790 2216 1997 2282 dubio
2065 2215 2368 2303 Pyrrhus
2436 2220 2744 2304 regiones

401 2323 532 2388 sibi
601 2324 686 2389 ab
748 2322 1140 2389 Alexandro
1208 2344 1554 2388 concessas
1620 2344 1833 2409 regno
1894 2344 2015 2389 suo
2064 2322 2469 2409 adjunxerit.
2516 2326 2745 2389 Etiam

400 2431 730 2496 traditum
777 2437 879 2496 est
928 2432 1264 2516 quomodo
1311 2430 1704 2495 Alexander
1740 2429 1888 2515 jam
1931 2430 2126 2496 brevi
2174 2438 2329 2518 post
2352 2431 2744 2497 interfectus

401 2537 489 2601 sit
558 2560 598 2603 a
663 2537 1043 2620 Demetrio;
1106 2538 1164 2602 is
1208 2536 1650 2626 Antipatrum
1698 2559 1968 2624 quoque
2010 2537 2414 2603 Macedonia
2457 2538 2743 2627 pepulit,

399 2643 511 2709 hio
556 2651 787 2711 autem
832 2667 872 2710 a
918 2665 1145 2712 socero
1193 2652 1512 2734 exceptus
1558 2645 1844 2732 posthac
1890 2646 2107 2711 vitam
2154 2645 2295 2731 egit
2339 2646 2414 2711 in
2459 2645 2745 2712 Thracia

400 2752 475 2816 in
546 2752 702 2818 aula
768 2754 957 2840 regia
1022 2752 1430 2839 Lysimachi.
1501 2753 1657 2840 Ipse
1703 2751 2089 2817 Demetrius
2135 2775 2255 2818 rex
2304 2754 2747 2820 Macedoniae

400 2858 623 2925 iactus
671 2867 790 2926 est.
861 2860 954 2924 Et
1019 2881 1172 2925 cum
1216 2860 1328 2926 hic
1359 2860 1506 2946 jam
1556 2866 1759 2924 antea
1805 2860 1929 2924 sibi
1977 2858 2371 2945 subjecisset
2418 2860 2747 2946 majorem

401 2967 849 3055 Peloponnesi
907 2974 1195 3055 partem,
1233 2968 1549 3033 Athenae
1595 2968 1875 3052 Megara
1921 2973 1989 3032 et
2034 2967 2315 3032 Euboea
2361 2969 2747 3034 auctoritati

401 3074 546 3160 ejus
615 3075 906 3141 obnoxia
972 3080 1213 3158 essent,
1284 3076 1642 3162 imperium
1714 3073 1859 3158 ejus
1904 3073 2089 3139 haud
2132 3076 2232 3139 ita
2274 3075 2568 3140 multum
2613 3076 2744 3140 dis-

401 3181 725 3268 crepabat
771 3204 812 3246 a
856 3180 1216 3248 Cassandri
1266 3182 1569 3267 imperi0.
1620 3178 1758 3245 Sed
1802 3180 1887 3245 ab
1915 3180 2129 3246 altera
2150 3188 2348 3269 parte
2373 3182 2747 3249 dominatio

401 3286 547 3373 ejus
593 3291 664 3353 in
709 3291 876 3355 Asia
920 3310 1192 3376 prorsus
1241 3289 1515 3370 interiit,
1565 3285 1909 3373 Cycladae
1953 3287 2212 3353 insulae
2259 3289 2508 3354 sensim
2551 3288 2744 3376 paul-

401 3394 729 3482 latimque
772 3395 1148 3461 Ptolemaei
1194 3395 1507 3481 auspiciis
1548 3394 1865 3480 synedrio
1905 3393 2185 3478 junctae
2232 3402 2408 3460 sunt.

489 3503 537 3570 J
540 3526 650 3568 am
695 3503 888 3567 initio
933 3503 1146 3588 regni,
1195 3501 1583 3566 Demetrius
1619 3501 1933 3577 ‚condidit
1977 3500 2216 3566 urbem
2240 3501 2747 3567 Demetriadem

400 3611 474 3674 in
540 3609 942 3698 paeninsula
1008 3609 1383 3694 Magnesia,
1456 3609 1528 3672 in
1576 3629 1782 3692 quam
1830 3607 2067 3673 urbem
2113 3611 2452 3674 contraxit
2494 3609 2747 3696 oppida

401 3717 687 3782 Neleam
758 3723 827 3781 et
893 3716 1194 3801 Pagasas
1262 3722 1331 3780 et
1403 3712 1816 3797 Ormenium,
1871 3714 2310 3798 Rhizuntem,
2361 3716 2743 3804 Sepiadem,

404 3822 754 3890 Olizonem
820 3823 1098 3889 Boeben
1165 3828 1235 3887 et
1299 3822 1578 3907 Iolcum,
1651 3844 1827 3907 quae
1895 3823 2053 3887 inde
2124 3823 2208 3888 ab
2269 3821 2398 3888 hoc
2442 3830 2746 3911 tempore

454 4110 501 4180 1)
537 4111 740 4166 Justin.
783 4110 866 4165 16.
907 4111 955 4164 1.
995 4112 1044 4165 7.
1084 4111 1230 4165 Plut.
1269 4110 1464 4182 Pyrrh.
1503 4111 1554 4164 6.

453 4210 501 4274 2)
537 4209 691 4263 Diod.
729 4210 813 4262 21.
853 4209 902 4263 7.
953 4207 1041 4258 καὶ
1076 4209 1406 4270 Ἀντίπατρον
1454 4210 1538 4257 τὸν
1588 4209 1893 4269 μητραλοίαν
1941 4204 2300 4270 ἐδολοφόνησεν,
2348 4208 2403 4259 οὔ
2456 4209 2746 4270 βουλόμενος

402 4296 616 4360 σύνεδρον
650 4296 787 4362 ’ἔχειν
823 4303 887 4364 τῇ
928 4299 1179 4364 βασιλείᾳ,

453 4395 503 4462 3)
540 4397 741 4452 Justin.
784 4397 940 4452 16.1.
978 4398 1046 4451 19
1090 4396 1328 4465 „tradita
1365 4396 1416 4449 ei
1453 4397 1628 4451 altera
1664 4400 1825 4465 parte
1860 4396 2235 4465 Macedoniae,
2273 4413 2416 4464 quae
2454 4398 2742 4466 Antipatro

407 4502 642 4557 „genero
680 4487 800 4556 ejus
841 4487 1194 4541 obvenerat.‘'
