3338 5350
1755 496 1845 560 28

631 689 921 755 lominus
961 692 1138 755 cives
1185 691 1425 756 Graeci
1466 699 1878 777 manserunt,
1906 693 2094 758 nullo
2135 694 2335 758 modo
2373 693 2777 759 Macedones
2803 693 2974 758 facti

633 802 792 861 sunt
815 795 869 878 1)
920 799 1123 862 immo
1170 799 1328 862 socii
1367 798 1807 864 Macedoniae
1832 799 2265 887 appellantur
2290 799 2511 882 (Diod.
2542 801 2645 864 17.
2672 801 2803 882 71).
2829 801 2970 864 Res

630 907 937 969 internae
1006 911 1234 969 autem
1302 905 1387 971 ab
1454 906 1616 993 ipsis
1676 906 1936 972 civibus
1979 908 2646 988 administrabantur,
2695 910 2972 973 tametsi

632 1012 859 1077 omnia
922 1011 1008 1075 ad
1047 1018 1290 1077 nutum
1338 1019 1404 1077 et
1450 1014 1876 1079 voluntatem
1922 1016 2101 1099 regis
2147 1014 2424 1097 fiebant,
2473 1037 2597 1102 per
2640 1013 2970 1080 factiones

631 1118 939 1206 politicas
984 1125 1063 1183 ut
1107 1118 1379 1184 videtur
1423 1122 1786 1185 auctoritas
1836 1119 1980 1206 ejus
2006 1123 2211 1186 etiam
2235 1121 2336 1186 hjs
2362 1123 2431 1185 in
2455 1122 2618 1186 locis
2644 1121 2863 1186 valuit
2892 1122 2968 1206 2).

721 1225 954 1291 Status
1022 1231 1251 1290 autem
1316 1226 1559 1291 harum
1626 1228 1897 1293 urbium
1975 1229 2231 1315 optime
2297 1230 2674 1315 comparari
2742 1233 2970 1315 potest

633 1355 787 1397 cum
831 1338 1013 1398 statu
1055 1335 1434 1398 civitatium
1481 1333 1953 1399 dediticiamm
1996 1335 2109 1400 vel
2151 1335 2744 1422 stipendiariarum
2791 1358 2969 1421 quae

629 1438 908 1504 fuerunt
952 1441 1022 1504 in
1066 1441 1433 1528 provinciis
1478 1440 1714 1529 populi
1758 1442 2051 1507 Romani
2099 1445 2170 1524 3).

716 1546 960 1633 Itaque
1002 1547 1359 1636 Philippus
1426 1569 1575 1614 oras
1644 1550 2015 1614 maritimas
2086 1548 2413 1614 Thraciae
2457 1550 2585 1614 hoc
2631 1549 2832 1615 modo
2878 1550 2966 1614 ad

629 1676 700 1718 se
746 1656 969 1737 traxit,
1020 1655 1107 1720 ad
1153 1656 1423 1721 Granum
1492 1677 1702 1741 usque
1762 1656 2071 1721 dominus
2118 1658 2387 1742 agnitus
2432 1663 2550 1721 est.
2646 1654 2783 1721 Sed
2829 1657 2968 1743 By-

629 1762 932 1826 zantium
993 1768 1185 1827 extra
1254 1763 1643 1828 societatem
1712 1784 1853 1827 sese
1921 1765 1993 1827 in
2035 1762 2421 1828 libertatem
2466 1764 2845 1843 vindicavit
2891 1757 2993 1850 4),

628 1889 785 1932 cum
853 1870 998 1956 ipse
1062 1868 1546 1956 GersoblepteS,
1611 1871 1869 1934 amissis
1939 1874 2040 1935 tot
2109 1869 2516 1954 regionibuS,
2582 1869 2728 1957 jam
2787 1893 2968 1936 nunc

631 1981 899 2040 coactus
974 1983 1149 2042 esset
1215 1976 1470 2040 tributa
1536 1973 1717 2040 ferre
1768 1975 1819 2058 5)
1871 1977 2093 2041 denuo
2139 1975 2441 2064 Philippi
2504 1978 2965 2065 principatum

632 2103 1011 2168 agnoscere.
1060 2083 1271 2149 Filius
1320 2090 1548 2149 autem
1593 2084 1819 2168 regius
1859 2084 2049 2148 obses
2075 2084 2146 2147 in
2170 2083 2571 2149 Macedonia
2591 2085 2841 2150 mansit
2894 2083 2945 2167 6)

720 2189 1185 2278 Gersobleptes
1251 2192 1381 2255 hoc
1448 2190 1648 2255 modo
1719 2188 2039 2277 Philippo
2111 2189 2439 2255 obnoxius
2494 2188 2735 2275 factus,
2821 2194 2963 2277 regi

628 2318 766 2361 non
815 2318 891 2362 eo
939 2319 1151 2383 usque
1193 2297 1614 2363 oboedivisse
1665 2297 1941 2362 videtur
1985 2308 2061 2362 ut
2104 2296 2261 2362 huic
2317 2298 2391 2362 in
2435 2299 2616 2362 omni
2665 2320 2740 2363 re
2787 2299 2964 2364 dicto

632 2405 911 2470 audiens
957 2403 1183 2487 fuerit,
1230 2411 1484 2487 contra,
1537 2425 1715 2469 anno
1762 2404 1892 2468 342
1942 2402 2215 2469 foedere
2263 2403 2541 2490 junctus
2590 2427 2746 2470 cum
2795 2406 2963 2471 Tere

630 2511 903 2577 alterius
970 2513 1191 2598 gentis
1261 2511 1623 2577 Thracicae
1691 2532 1869 2596 rege,
1938 2510 2137 2575 urbes
2204 2512 2276 2575 in
2337 2512 2467 2576 oris
2514 2512 2868 2577 maritimis
2926 2534 2965 2576 a

628 2617 946 2707 Philippo
1007 2620 1350 2707 occupatis
1409 2618 1591 2685 bello
1681 2617 2018 2685 lacessivit
2064 2619 2136 2701 ⁷),
2215 2619 2383 2685 adeo
2461 2625 2536 2683 ut
2605 2618 2963 2706 Philippus

629 2732 897 2792 coactus
948 2734 1121 2793 esset
1159 2728 1406 2793 iterum
1429 2749 1572 2792 sese
1596 2733 1863 2792 vertere
1886 2728 1957 2790 in
1979 2727 2355 2809 Thraciam,
2397 2727 2515 2791 ubi
2538 2749 2730 2813 reges
2757 2729 2963 2792 socios

629 2833 935 2921 pluribus
983 2834 1287 2899 cladibus
1358 2834 1587 2900 affecit
1653 2856 1901 2920 eosque
1959 2840 2349 2921 persecutus
2397 2840 2498 2899 est
2544 2834 2614 2897 in
2660 2835 2964 2919 regiones

629 2941 1171 3024 mediterraneaS,
1222 2943 1436 3006 donec
1480 2941 1759 3006 tandem
1806 2962 1916 3006 eos
1961 2942 2184 3026 regnis
2233 2943 2366 3005 suis
2412 2940 2677 3028 pepulit
2698 2940 2768 3023 8),
2802 2942 2962 3027 ipsis

627 3047 942 3133 gentibus
1013 3048 1305 3113 decimas
1372 3048 1854 3136 persolvendas
1917 3048 2238 3134 imposuit
2281 3046 2353 3134 9).
2465 3047 2610 3125 Quo
2678 3069 2962 3133 regnum

630 3176 825 3219 suum
873 3153 1318 3239 confirmaret,
1367 3176 1501 3241 quo
1555 3155 1912 3220 Thracicas
1928 3161 2168 3241 gentes
2194 3154 2556 3237 cohiberet,
2585 3175 2723 3219 non
2746 3154 2960 3219 solum

629 3260 968 3336 nobilibus
1034 3261 1519 3326 Macedonibus
1567 3283 1763 3347 agros
1808 3262 1879 3325 in
1919 3261 2206 3327 Thracia
2248 3262 2425 3326 dono
2473 3260 2661 3324 dedit
2699 3258 2797 3344 1⁰),
2846 3259 2958 3325 sed

680 3476 726 3544 1)
763 3476 959 3530 Arrian
980 3475 1024 3529 1.
1050 3475 1132 3528 11.
1153 3477 1201 3528 4.
1239 3473 1467 3537 ’Ἄβδηρα
1504 3475 1591 3528 καὶ
1626 3472 1905 3537 Μαρώνειαν
1943 3477 2106 3531 πόλεις
2143 3473 2446 3532 Ἑλληνίδας.
2489 3474 2679 3528 Indica
2702 3473 2787 3528 18.
2808 3475 2856 3527 7.

681 3565 727 3633 2)
767 3565 1054 3619 Demosth.
1094 3564 1212 3617 218.
1251 3563 1319 3617 10
1352 3567 1409 3618 et
1439 3565 1592 3618 1334,
1634 3564 1703 3618 10
1738 3561 1785 3614 ἐν
1804 3561 1874 3621 οἷς
1892 3565 1943 3612 οἱ
1956 3564 2043 3625 μὲν
2063 3558 2382 3626 ἐφιλίππιζον
2400 3558 2770 3623 οἶδ’ἧττίκιζον
2790 3560 2961 3612 αὐτῶν.

631 3656 735 3721 (De
770 3656 965 3720 Aeno).

678 3743 725 3810 3)
765 3744 1005 3798 Willems
1040 3742 1199 3797 Droit
1233 3742 1428 3796 Public
1463 3743 1701 3806 Romaiu
1745 3742 1866 3797 362.

680 3832 729 3898 4)
764 3832 1046 3887 Demosth.
1085 3831 1171 3885 63.
1211 3830 1294 3884 19.

681 3923 730 3991 5)
765 3922 921 3977 Diod.
962 3922 1046 3977 16.
1085 3920 1169 3974 71.
1207 3921 1257 3974 2.

688 4012 736 4080 6)
773 4012 1022 4067 Aeschin.
1060 4012 1286 4081 Parapr.
1323 4009 1408 4063 81.

683 4101 729 4163 7)
765 4101 922 4155 Diod.
962 4101 1045 4154 16.
1085 4102 1168 4154 71.
1208 4100 1254 4154 1.

682 4190 730 4252 8)
766 4191 1047 4244 Demosth.
1106 4190 1223 4243 161.
1280 4189 1363 4243 15.
1418 4183 1686 4250 κομίζεσθε
1737 4187 1821 4237 καὶ
1873 4195 1985 4249 παρ’
2023 4188 2144 4249 ἐμοῦ
2189 4191 2277 4248 τὴν
2314 4184 2501 4254 Θρᾴκην
2536 4185 2648 4243 ὅσης
2684 4184 2837 4247 Τήρης
2872 4184 2952 4234 καὶ

631 4279 997 4341 Κερσοβλέπτης
1032 4276 1189 4340 ἦρχεν.
1225 4278 1439 4333 Arrian.
1477 4279 1525 4330 7.
1564 4278 1614 4330 9.
1650 4277 1702 4330 3.

681 4368 728 4437 9)
767 4367 922 4422 Diod.
960 4367 1031 4421 l.l.

655 4457 729 4527 1θ)
768 4457 1029 4514 Schaefer
1064 4457 1114 4512 2.
1157 4456 1278 4511 449.
