3338 5350
1475 504 1597 568 127

382 701 596 765 siones
642 722 795 765 suas
840 701 912 763 in
959 699 1313 766 Graeciam
1361 721 1630 786 quoque
1674 701 2187 784 transtulerunt,
2234 724 2340 767 res
2385 704 2714 769 sociorum

382 808 514 871 suis
561 806 965 872 utilitatibus
1008 807 1566 894 posthabuerunt.
1662 808 1841 873 Nam
1909 807 2417 897 Polysperchon
2464 811 2718 898 optime

377 911 711 978 intellexit
753 935 844 996 se,
894 935 1048 979 cum
1085 912 1446 1001 populares
1493 914 1582 978 ad
1628 937 1700 979 se
1745 916 2062 999 traheret,
2127 917 2367 981 eodem
2413 924 2717 1006 tempore

378 1020 757 1107 optimateS,
826 1043 1045 1108 nuper
1090 1020 1175 1084 ab
1222 1021 1588 1108 Antipatro
1640 1021 2090 1106 confirmatOS,
2140 1045 2279 1088 non
2325 1023 2545 1089 solum
2590 1024 2720 1089 sibi

380 1126 796 1192 adversarios
841 1133 1238 1214 paraturum
1287 1148 1448 1210 esse,
1520 1128 1634 1192 sed
1701 1129 1908 1193 etiam
1975 1135 2203 1217 partes
2265 1129 2575 1217 politicas
2621 1133 2719 1196 ita

380 1232 896 1298 sollicitaturum
964 1255 1126 1317 esse,
1185 1240 1264 1298 ut
1326 1236 1700 1300 necessario
1763 1234 2020 1300 bellum
2094 1236 2496 1302 intestinum
2556 1238 2717 1303 inde

378 1346 763 1405 secuturum
807 1347 983 1405 esset
1004 1342 1073 1422 ¹).

459 1446 748 1534 Insuper
793 1449 1152 1535 optimates
1193 1448 1263 1512 et
1305 1447 1781 1533 conjunctione
1825 1469 1981 1513 cum
2018 1452 2501 1536 potentissimis
2524 1474 2717 1539 prae-

374 1554 650 1637 toribus,
700 1554 768 1619 et
812 1561 1060 1619 natura
1103 1554 1255 1641 ipsa
1298 1576 1542 1638 rerum,
1585 1554 1734 1640 jam
1779 1555 2144 1621 validiores
2192 1564 2388 1642 erant
2415 1561 2488 1641 2).
2539 1556 2716 1636 Quid

376 1667 608 1725 contra
680 1660 1042 1748 populares
1110 1668 1467 1749 expectare
1535 1668 1907 1749 potuerunt
1954 1685 1995 1727 a
2040 1663 2517 1749 conjunctione
2563 1688 2717 1731 cum

374 1773 807 1854 procuratore
874 1768 1062 1853 regio
1130 1775 1198 1833 et
1267 1790 1391 1856 per
1453 1790 1609 1833 eum
1679 1791 1832 1834 cum
1900 1768 2165 1835 familia
2231 1772 2419 1858 regia
2441 1772 2472 1836 Ῥ
2541 1771 2714 1850 Quid

377 1860 592 1961 magis
638 1882 910 1962 praeter
975 1881 1291 1941 naturam
1359 1897 1584 1940 rerum
1652 1897 1795 1941 esse
1848 1878 2070 1963 potuit
2091 1877 2122 1941 ⁴?
2193 1877 2328 1943 Sed
2373 1879 2503 1944 hoc
2547 1879 2717 1944 nihil

377 1982 461 2046 ad
506 1981 1177 2071 Polysperchontem,
1224 1984 1341 2069 qui
1385 1989 1657 2070 praeter
1694 1985 1823 2048 hoc
1866 1985 2132 2067 vitium,
2160 1986 2397 2051 eodem
2413 1991 2718 2075 tempore

379 2088 684 2173 alterum,
751 2090 962 2176 idque
1001 2087 1287 2155 fortasse
1352 2089 1571 2175 majus
1617 2091 2047 2175 commiserit,
2111 2093 2499 2177 quaerendo
2552 2096 2713 2158 ami-

376 2196 605 2261 citiam
673 2195 1098 2284 Olympiadis
1168 2197 1402 2262 matris
1449 2196 1843 2263 Alexandri.
1941 2198 2291 2278 Quomodo
2346 2201 2526 2266 enim
2571 2201 2715 2266 fieri

373 2303 615 2389 potuit,
693 2309 770 2368 ut
839 2304 912 2368 in
978 2325 1191 2369 unum
1251 2303 1829 2391 conjungerentur
1896 2305 2254 2393 Philippus
2299 2307 2716 2373 Arrhidaeus

375 2415 442 2473 et
500 2410 862 2496 Eurydice,
938 2410 1181 2496 quibus
1250 2410 1759 2501 Polysperchon
1822 2413 1988 2499 ipsis
2048 2413 2247 2478 rebus
2316 2414 2714 2499 conjunctus

371 2514 521 2599 fuit,
595 2517 1007 2582 democratia
1069 2517 1331 2583 Graeca
1373 2525 1441 2583 et
1485 2520 1676 2605 regia
1721 2526 1959 2599 mater,
2024 2542 2200 2605 quae
2245 2527 2458 2586 semet
2495 2522 2715 2608 ipsam

373 2623 845 2690 considerabat
930 2630 1283 2712 tamquam
1375 2624 1588 2691 solam
1680 2647 2059 2714 personam,
2153 2649 2327 2713 quae
2409 2627 2715 2712 legitime

371 2729 657 2796 tutelam
722 2738 991 2818 gereret
1057 2731 1324 2798 heredis
1415 2734 1611 2798 unice
1703 2732 2013 2819 legitimi,
2105 2756 2352 2822 nempe
2430 2734 2714 2800 infantis

369 2836 760 2903 Alexandri.
811 2839 1120 2926 Apparet
1166 2840 1444 2926 quidem
1482 2840 1630 2924 jam
1675 2841 1836 2905 inde
1883 2840 1967 2905 ab
2014 2840 2209 2907 initio
2236 2840 2714 2929 Olympiadem

369 2943 628 3009 nullam
694 2944 901 3010 fidem
968 2966 1190 3011 novae
1261 2946 1601 3011 amicitiae
1668 2946 2008 3031 habuisse,
2082 2947 2312 3014 literas
2383 2950 2563 3014 enim
2627 2950 2714 3014 ad

370 3051 746 3117 Eumenem
793 3052 997 3135 misit,
1048 3054 1377 3139 quidnam
1425 3054 1554 3119 sibi
1601 3053 1994 3119 faciendum
2018 3062 2211 3138 esset,
2258 3078 2714 3144 responsoque

372 3165 668 3245 acceptO,
718 3181 862 3224 sese
909 3160 993 3225 ad
1043 3166 1311 3249 tempus
1359 3161 1660 3246 quietam
1707 3161 1931 3225 tenuit
1974 3161 2047 3226 in
2093 3161 2305 3249 Epiro
2329 3164 2401 3250 3).

457 3262 625 3350 Oonj
635 3267 950 3331 unctione
1020 3288 1175 3331 cum
1246 3266 1655 3355 Olympiade
1723 3266 2231 3354 Polysperchon
2307 3269 2436 3335 hoc
2502 3293 2714 3334 unum

369 3392 693 3456 magnum
740 3374 1169 3438 commodum
1215 3374 1502 3460 adeptus
1550 3381 1669 3457 est,
1699 3375 1876 3459 quod
1914 3376 2272 3460 EumeneS,
2299 3399 2709 3463 quamquam

367 3478 708 3544 recusavit
775 3480 1132 3565 quominus
1202 3481 1545 3546 communi
1606 3481 1886 3546 consilio
1935 3504 2088 3548 cum
2138 3482 2712 3571 Polysperchonte

367 3584 911 3670 procurationem
956 3586 1225 3674 imperii
1268 3594 1554 3672 gereret,
1600 3588 1762 3652 inde
1801 3588 2049 3654 abhinc
2093 3590 2167 3653 in
2189 3591 2375 3674 Asia,
2421 3591 2541 3656 ubi
2556 3590 2714 3676 jura

367 3692 592 3777 regiae
641 3694 880 3759 domus
926 3695 1342 3780 vindicabat,
1390 3695 1699 3782 partibus
1747 3695 2343 3785 Polysperchontis
2403 3696 2703 3781 favebat,

413 3914 460 3980 1)
498 3915 646 3970 Plut.
682 3917 851 3972 Phoc.
889 3918 974 3971 32.
1030 3913 1449 3981 Συσκευαζόμενος
1493 3921 1591 3984 γὰρ
1645 3918 1713 3976 εἷς
1748 3917 1922 3969 ἑαυτὸν
1959 3921 1989 3969 ὁ
2022 3920 2389 3985 Πολυσπέρχων
2443 3924 2535 3981 τὴν
2572 3924 2714 3971 πόλιν

364 4001 497 4055 οὐδὲν
531 4001 728 4066 ἤλπιζέ
748 4008 982 4069 περαίνειν
1018 4007 1087 4070 μὴ
1125 4011 1215 4057 τοῦ
1253 4010 1494 4066 Φωκίωνος
1530 4006 1832 4066 ἐκπεσόντος.

412 4094 460 4160 2)
498 4094 659 4149 Diod.
702 4095 783 4150 18.
823 4096 909 4150 55.
949 4096 998 4149 2.

408 4182 455 4245 3)
494 4184 679 4254 Nepos
714 4186 874 4239 Eum.
913 4185 962 4238 6.
1008 4186 1166 4255 „huic
1201 4186 1292 4240 ille
1329 4187 1572 4256 primum
1609 4191 1800 4252 suasit,
1838 4205 1907 4241 ne
1939 4205 1998 4242 se
2019 4192 2268 4242 moveret
2289 4192 2344 4242 et
2386 4192 2721 4258 expectaret.

361 4273 576 4341 „quoad
610 4274 907 4328 Alexandri
943 4274 1088 4328 filius
1121 4291 1355 4344 regnum
1376 4275 1822 4345 adipisceretur.”
1845 4276 2004 4330 Diod.
2030 4277 2110 4330 18.
2133 4276 2219 4329 58.
2265 4278 2314 4330 4.
2357 4283 2414 4325 ‘o
2436 4274 2479 4324 δ’
2505 4275 2716 4338 Εὐμένης

353 4363 465 4424 πρὸς
516 4363 604 4424 μὲν
653 4360 977 4425 Ὀλυμπιάδα
1013 4366 1323 4427 παραχρῆμα
1359 4362 1659 4428 ἀντέγραψε,
1714 4363 2059 4428 συμβουλεύων
2096 4367 2233 4415 κατὰ
2269 4368 2329 4415 τὸ
2365 4364 2514 4427 σπάρον
2552 4366 2707 4428 μένειν

355 4448 402 4500 ἐν
439 4453 658 4515 Ἠπείρῳ,
693 4450 842 4516 μέχρι
879 4450 936 4501 ἃν
974 4453 1001 4501 ὃ
1035 4455 1248 4515 πόλεμος
1286 4452 1420 4518 λάβῃ
1454 4455 1570 4502 τινὰ
1604 4455 1770 4515 κρίσιν,
