<?xml version="1.0" encoding="UTF-8"?>
<!DOCTYPE html PUBLIC "-//W3C//DTD XHTML 1.0 Transitional//EN"
    "http://www.w3.org/TR/xhtml1/DTD/xhtml1-transitional.dtd">
<html xmlns="http://www.w3.org/1999/xhtml" xml:lang="en" lang="en">
 <head>
  <title>
</title>
<meta http-equiv="Content-Type" content="text/html;charset=utf-8" />
  <meta name='ocr-system' content='tesseract 3.04.00' />
  <meta name='ocr-capabilities' content='ocr_page ocr_carea ocr_par ocr_line ocrx_word'/>
</head>
<body>
  <div class='ocr_page' id='page_1' title='image "./definibusregnim01breegoog_0213.png"; bbox 0 0 3338 5350; ppageno 0'>
   <div class='ocr_carea' id='block_1_1' title="bbox 1534 569 1655 632">
    <p class='ocr_par' dir='ltr' id='par_1_1' title="bbox 1534 569 1655 632">
     <span class='ocr_line' id='line_1_1' title="bbox 1534 569 1655 632; baseline 0 -1"><span class='ocrx_word' id='word_1_1' title='bbox 1534 569 1655 632; x_wconf 84' lang='lat'>131</span> 
     </span>
    </p>
   </div>
   <div class='ocr_carea' id='block_1_2' title="bbox 417 762 2778 3632">
    <p class='ocr_par' dir='ltr' id='par_1_2' title="bbox 426 762 2766 956">
     <span class='ocr_line' id='line_1_2' title="bbox 429 762 2766 851; baseline -0.001 -24"><span class='ocrx_word' id='word_1_2' title='bbox 429 768 717 850; x_wconf 85' lang='lat' dir='ltr'>apparet</span> <span class='ocrx_word' id='word_1_3' title='bbox 787 785 870 827; x_wconf 84' lang='lat' dir='ltr'>ex</span> <span class='ocrx_word' id='word_1_4' title='bbox 935 763 1373 851; x_wconf 73' lang='lat' dir='ltr'>inscriptione</span> <span class='ocrx_word' id='word_1_5' title='bbox 1444 785 1622 828; x_wconf 89' lang='lat' dir='ltr'>anno</span> <span class='ocrx_word' id='word_1_6' title='bbox 1696 764 1866 828; x_wconf 81' lang='lat'>1850</span> <span class='ocrx_word' id='word_1_7' title='bbox 1924 764 2208 829; x_wconf 84' lang='lat' dir='ltr'>inventa</span> <span class='ocrx_word' id='word_1_8' title='bbox 2247 784 2425 828; x_wconf 92' lang='lat' dir='ltr'>anno</span> <span class='ocrx_word' id='word_1_9' title='bbox 2471 762 2766 848; x_wconf 81' lang='lat' dir='ltr'>315s314</span> 
     </span>
     <span class='ocr_line' id='line_1_3' title="bbox 426 867 1937 956; baseline 0.001 -24"><span class='ocrx_word' id='word_1_10' title='bbox 426 867 569 933; x_wconf 93' lang='lat' dir='ltr'>illic</span> <span class='ocrx_word' id='word_1_11' title='bbox 613 870 1028 956; x_wconf 88' lang='lat' dir='ltr'>praesidium</span> <span class='ocrx_word' id='word_1_12' title='bbox 1066 869 1588 934; x_wconf 76' lang='lat' dir='ltr'>Atheniensium</span> <span class='ocrx_word' id='word_1_13' title='bbox 1633 869 1843 935; x_wconf 86' lang='lat' dir='ltr'>fuisse</span> <span class='ocrx_word' id='word_1_14' title='bbox 1869 870 1937 948; x_wconf 77' lang='grc'>1).</span> 
     </span>
    </p>

    <p class='ocr_par' dir='ltr' id='par_1_3' title="bbox 423 976 2773 1576">
     <span class='ocr_line' id='line_1_4' title="bbox 515 976 2766 1064; baseline -0.001 -23"><span class='ocrx_word' id='word_1_15' title='bbox 515 976 756 1061; x_wconf 88' lang='lat' dir='ltr'>Neque</span> <span class='ocrx_word' id='word_1_16' title='bbox 802 976 1019 1062; x_wconf 84' lang='lat' dir='ltr'>magis</span> <span class='ocrx_word' id='word_1_17' title='bbox 1067 977 1196 1041; x_wconf 86' lang='lat' dir='ltr'>hac</span> <span class='ocrx_word' id='word_1_18' title='bbox 1240 977 1313 1040; x_wconf 92' lang='lat' dir='ltr'>in</span> <span class='ocrx_word' id='word_1_19' title='bbox 1356 998 1432 1041; x_wconf 91' lang='lat' dir='ltr'>re</span> <span class='ocrx_word' id='word_1_20' title='bbox 1468 976 1695 1042; x_wconf 90' lang='lat' dir='ltr'>facere</span> <span class='ocrx_word' id='word_1_21' title='bbox 1739 998 2014 1064; x_wconf 89' lang='lat' dir='ltr'>possum</span> <span class='ocrx_word' id='word_1_22' title='bbox 2059 998 2214 1042; x_wconf 92' lang='lat' dir='ltr'>cum</span> <span class='ocrx_word' id='word_1_23' title='bbox 2260 986 2334 1042; x_wconf 85' lang='lat' dir='ltr'>v⁰</span> <span class='ocrx_word' id='word_1_24' title='bbox 2381 978 2455 1042; x_wconf 86' lang='lat' dir='ltr'>d0</span> <span class='ocrx_word' id='word_1_25' title='bbox 2499 976 2766 1040; x_wconf 90' lang='lat' dir='ltr'>Ditten-</span> 
     </span>
     <span class='ocr_line' id='line_1_5' title="bbox 433 1081 2769 1170; baseline -0.001 -23"><span class='ocrx_word' id='word_1_26' title='bbox 433 1082 675 1169; x_wconf 85' lang='lat' dir='ltr'>berger</span> <span class='ocrx_word' id='word_1_27' title='bbox 700 1082 773 1169; x_wconf 81' lang='lat'>2),</span> <span class='ocrx_word' id='word_1_28' title='bbox 837 1084 954 1168; x_wconf 85' lang='lat' dir='ltr'>qui</span> <span class='ocrx_word' id='word_1_29' title='bbox 999 1088 1199 1170; x_wconf 91' lang='lat' dir='ltr'>putat</span> <span class='ocrx_word' id='word_1_30' title='bbox 1243 1089 1386 1149; x_wconf 88' lang='lat' dir='ltr'>tam</span> <span class='ocrx_word' id='word_1_31' title='bbox 1430 1081 1838 1149; x_wconf 81' lang='lat' dir='ltr'>Macedones</span> <span class='ocrx_word' id='word_1_32' title='bbox 1883 1105 2088 1170; x_wconf 89' lang='lat' dir='ltr'>quam</span> <span class='ocrx_word' id='word_1_33' title='bbox 2134 1083 2583 1148; x_wconf 76' lang='lat' dir='ltr'>Athenienses</span> <span class='ocrx_word' id='word_1_34' title='bbox 2628 1081 2769 1146; x_wconf 93' lang='lat' dir='ltr'>illic</span> 
     </span>
     <span class='ocr_line' id='line_1_6' title="bbox 426 1188 2773 1278; baseline -0 -25"><span class='ocrx_word' id='word_1_35' title='bbox 426 1189 847 1277; x_wconf 88' lang='lat' dir='ltr'>praesidium</span> <span class='ocrx_word' id='word_1_36' title='bbox 890 1190 1214 1277; x_wconf 82' lang='lat' dir='ltr'>posuisse,</span> <span class='ocrx_word' id='word_1_37' title='bbox 1264 1191 1601 1276; x_wconf 91' lang='lat' dir='ltr'>quomodo</span> <span class='ocrx_word' id='word_1_38' title='bbox 1650 1190 1831 1255; x_wconf 89' lang='lat' dir='ltr'>enim</span> <span class='ocrx_word' id='word_1_39' title='bbox 1876 1190 2024 1254; x_wconf 90' lang='lat' dir='ltr'>fieri</span> <span class='ocrx_word' id='word_1_40' title='bbox 2045 1190 2273 1278; x_wconf 89' lang='lat' dir='ltr'>potuit</span> <span class='ocrx_word' id='word_1_41' title='bbox 2297 1197 2372 1254; x_wconf 89' lang='lat' dir='ltr'>ut</span> <span class='ocrx_word' id='word_1_42' title='bbox 2395 1188 2773 1254; x_wconf 83' lang='lat' dir='ltr'>Cassander</span> 
     </span>
     <span class='ocr_line' id='line_1_7' title="bbox 425 1294 2770 1383; baseline -0 -23"><span class='ocrx_word' id='word_1_43' title='bbox 425 1297 609 1361; x_wconf 87' lang='lat' dir='ltr'>intra</span> <span class='ocrx_word' id='word_1_44' title='bbox 656 1318 867 1361; x_wconf 92' lang='lat' dir='ltr'>annos</span> <span class='ocrx_word' id='word_1_45' title='bbox 914 1296 1046 1361; x_wconf 86' lang='lat'>306</span> <span class='ocrx_word' id='word_1_46' title='bbox 1094 1303 1162 1361; x_wconf 93' lang='lat' dir='ltr'>et</span> <span class='ocrx_word' id='word_1_47' title='bbox 1206 1296 1338 1360; x_wconf 81' lang='lat'>304</span> <span class='ocrx_word' id='word_1_48' title='bbox 1382 1295 1552 1361; x_wconf 88' lang='lat' dir='ltr'>illud</span> <span class='ocrx_word' id='word_1_49' title='bbox 1610 1296 1965 1362; x_wconf 85' lang='lat' dir='ltr'>castellum</span> <span class='ocrx_word' id='word_1_50' title='bbox 2009 1318 2236 1362; x_wconf 85' lang='lat' dir='ltr'>rursus</span> <span class='ocrx_word' id='word_1_51' title='bbox 2283 1296 2540 1383; x_wconf 79' lang='lat' dir='ltr'>ceperit</span> <span class='ocrx_word' id='word_1_52' title='bbox 2584 1301 2654 1360; x_wconf 90' lang='lat' dir='ltr'>et</span> <span class='ocrx_word' id='word_1_53' title='bbox 2696 1294 2770 1359; x_wconf 81' lang='lat' dir='ltr'>in</span> 
     </span>
     <span class='ocr_line' id='line_1_8' title="bbox 423 1402 2768 1491; baseline -0 -23"><span class='ocrx_word' id='word_1_54' title='bbox 423 1409 766 1490; x_wconf 72' lang='lat' dir='ltr'>potestate</span> <span class='ocrx_word' id='word_1_55' title='bbox 812 1426 933 1468; x_wconf 91' lang='lat' dir='ltr'>sua</span> <span class='ocrx_word' id='word_1_56' title='bbox 977 1404 1335 1468; x_wconf 77' lang='lat' dir='ltr'>retinuerit</span> <span class='ocrx_word' id='word_1_57' title='bbox 1359 1402 1458 1486; x_wconf 72' lang='lat'>³)?</span> <span class='ocrx_word' id='word_1_58' title='bbox 1503 1403 1881 1472; x_wconf 86' lang='lat' dir='ltr'>Statuimus</span> <span class='ocrx_word' id='word_1_59' title='bbox 1926 1404 2136 1490; x_wconf 85' lang='lat' dir='ltr'>igitur</span> <span class='ocrx_word' id='word_1_60' title='bbox 2166 1404 2295 1469; x_wconf 90' lang='lat' dir='ltr'>hac</span> <span class='ocrx_word' id='word_1_61' title='bbox 2317 1426 2487 1491; x_wconf 90' lang='lat' dir='ltr'>pace</span> <span class='ocrx_word' id='word_1_62' title='bbox 2510 1403 2768 1468; x_wconf 89' lang='lat' dir='ltr'>Panac-</span> 
     </span>
     <span class='ocr_line' id='line_1_9' title="bbox 424 1509 1793 1576; baseline 0.003 -4"><span class='ocrx_word' id='word_1_63' title='bbox 424 1515 574 1573; x_wconf 91' lang='lat' dir='ltr'>tum</span> <span class='ocrx_word' id='word_1_64' title='bbox 620 1509 1150 1575; x_wconf 86' lang='lat' dir='ltr'>Atheniensibus</span> <span class='ocrx_word' id='word_1_65' title='bbox 1198 1531 1584 1576; x_wconf 90' lang='lat' dir='ltr'>concessum</span> <span class='ocrx_word' id='word_1_66' title='bbox 1631 1533 1793 1576; x_wconf 90' lang='lat' dir='ltr'>esse.</span> 
     </span>
    </p>

    <p class='ocr_par' dir='ltr' id='par_1_4' title="bbox 417 1615 2772 2348">
     <span class='ocr_line' id='line_1_10' title="bbox 514 1615 2771 1705; baseline -0 -25"><span class='ocrx_word' id='word_1_67' title='bbox 514 1616 759 1703; x_wconf 88' lang='lat' dir='ltr'>Itaque</span> <span class='ocrx_word' id='word_1_68' title='bbox 806 1617 929 1683; x_wconf 89' lang='lat' dir='ltr'>sub</span> <span class='ocrx_word' id='word_1_69' title='bbox 976 1617 1185 1682; x_wconf 90' lang='lat' dir='ltr'>finem</span> <span class='ocrx_word' id='word_1_70' title='bbox 1233 1618 1395 1683; x_wconf 91' lang='lat' dir='ltr'>anni</span> <span class='ocrx_word' id='word_1_71' title='bbox 1441 1618 1573 1683; x_wconf 83' lang='lat'>318</span> <span class='ocrx_word' id='word_1_72' title='bbox 1617 1640 1724 1683; x_wconf 90' lang='lat' dir='ltr'>res</span> <span class='ocrx_word' id='word_1_73' title='bbox 1770 1616 2363 1705; x_wconf 87' lang='lat' dir='ltr'>Polysperchontis</span> <span class='ocrx_word' id='word_1_74' title='bbox 2386 1617 2458 1681; x_wconf 91' lang='lat' dir='ltr'>in</span> <span class='ocrx_word' id='word_1_75' title='bbox 2485 1615 2771 1682; x_wconf 83' lang='lat' dir='ltr'>Graecia</span> 
     </span>
     <span class='ocr_line' id='line_1_11' title="bbox 417 1722 2769 1813; baseline -0.001 -24"><span class='ocrx_word' id='word_1_76' title='bbox 417 1723 569 1810; x_wconf 84' lang='lat' dir='ltr'>jam</span> <span class='ocrx_word' id='word_1_77' title='bbox 614 1725 687 1787; x_wconf 93' lang='lat' dir='ltr'>in</span> <span class='ocrx_word' id='word_1_78' title='bbox 734 1745 811 1790; x_wconf 92' lang='lat' dir='ltr'>eo</span> <span class='ocrx_word' id='word_1_79' title='bbox 859 1732 1054 1789; x_wconf 89' lang='lat' dir='ltr'>erant</span> <span class='ocrx_word' id='word_1_80' title='bbox 1099 1732 1176 1789; x_wconf 90' lang='lat' dir='ltr'>ut</span> <span class='ocrx_word' id='word_1_81' title='bbox 1220 1724 1751 1808; x_wconf 82' lang='lat' dir='ltr'>collaberentur3</span> <span class='ocrx_word' id='word_1_82' title='bbox 1799 1725 1958 1791; x_wconf 88' lang='lat' dir='ltr'>licet</span> <span class='ocrx_word' id='word_1_83' title='bbox 2005 1724 2255 1813; x_wconf 86' lang='lat' dir='ltr'>Sparta</span> <span class='ocrx_word' id='word_1_84' title='bbox 2299 1732 2369 1789; x_wconf 92' lang='lat' dir='ltr'>et</span> <span class='ocrx_word' id='word_1_85' title='bbox 2408 1722 2769 1790; x_wconf 84' lang='lat' dir='ltr'>Corinthus</span> 
     </span>
     <span class='ocr_line' id='line_1_12' title="bbox 427 1830 2771 1919; baseline -0.001 -23"><span class='ocrx_word' id='word_1_86' title='bbox 427 1831 653 1896; x_wconf 86' lang='lat' dir='ltr'>adhuc</span> <span class='ocrx_word' id='word_1_87' title='bbox 701 1854 742 1896; x_wconf 86' lang='lat' dir='ltr'>a</span> <span class='ocrx_word' id='word_1_88' title='bbox 786 1831 1094 1919; x_wconf 86' lang='lat' dir='ltr'>partibus</span> <span class='ocrx_word' id='word_1_89' title='bbox 1143 1830 1287 1917; x_wconf 85' lang='lat' dir='ltr'>ejus</span> <span class='ocrx_word' id='word_1_90' title='bbox 1336 1837 1614 1917; x_wconf 88' lang='lat' dir='ltr'>starent,</span> <span class='ocrx_word' id='word_1_91' title='bbox 1654 1832 2032 1898; x_wconf 84' lang='lat' dir='ltr'>Cassander</span> <span class='ocrx_word' id='word_1_92' title='bbox 2075 1831 2515 1897; x_wconf 90' lang='lat' dir='ltr'>nihilominus</span> <span class='ocrx_word' id='word_1_93' title='bbox 2540 1851 2771 1917; x_wconf 88' lang='lat' dir='ltr'>super-</span> 
     </span>
     <span class='ocr_line' id='line_1_13' title="bbox 422 1936 2772 2028; baseline -0.001 -26"><span class='ocrx_word' id='word_1_94' title='bbox 422 1938 529 2003; x_wconf 92' lang='lat' dir='ltr'>ior</span> <span class='ocrx_word' id='word_1_95' title='bbox 598 1939 834 2022; x_wconf 86' lang='lat' dir='ltr'>evasit,</span> <span class='ocrx_word' id='word_1_96' title='bbox 906 1945 1050 2003; x_wconf 92' lang='lat' dir='ltr'>tam</span> <span class='ocrx_word' id='word_1_97' title='bbox 1117 1937 1408 2004; x_wconf 86' lang='lat' dir='ltr'>Athenis</span> <span class='ocrx_word' id='word_1_98' title='bbox 1479 1962 1682 2025; x_wconf 91' lang='lat' dir='ltr'>quam</span> <span class='ocrx_word' id='word_1_99' title='bbox 1747 1940 1895 2005; x_wconf 91' lang='lat' dir='ltr'>aliis</span> <span class='ocrx_word' id='word_1_100' title='bbox 1963 1940 2035 2004; x_wconf 93' lang='lat' dir='ltr'>in</span> <span class='ocrx_word' id='word_1_101' title='bbox 2095 1938 2376 2028; x_wconf 82' lang='lat' dir='ltr'>urbibus</span> <span class='ocrx_word' id='word_1_102' title='bbox 2424 1936 2772 2020; x_wconf 83' lang='lat' dir='ltr'>Graeciae,</span> 
     </span>
     <span class='ocr_line' id='line_1_14' title="bbox 423 2044 2768 2131; baseline -0.002 -21"><span class='ocrx_word' id='word_1_103' title='bbox 423 2067 565 2111; x_wconf 93' lang='lat' dir='ltr'>non</span> <span class='ocrx_word' id='word_1_104' title='bbox 634 2045 853 2111; x_wconf 90' lang='lat' dir='ltr'>solum</span> <span class='ocrx_word' id='word_1_105' title='bbox 923 2046 1236 2131; x_wconf 84' lang='lat' dir='ltr'>augendo</span> <span class='ocrx_word' id='word_1_106' title='bbox 1284 2046 1465 2110; x_wconf 86' lang='lat' dir='ltr'>vires</span> <span class='ocrx_word' id='word_1_107' title='bbox 1510 2068 1687 2130; x_wconf 80' lang='lat' dir='ltr'>suaS,</span> <span class='ocrx_word' id='word_1_108' title='bbox 1758 2046 1873 2111; x_wconf 91' lang='lat' dir='ltr'>sed</span> <span class='ocrx_word' id='word_1_109' title='bbox 1944 2046 2150 2111; x_wconf 90' lang='lat' dir='ltr'>etiam</span> <span class='ocrx_word' id='word_1_110' title='bbox 2193 2044 2657 2111; x_wconf 86' lang='lat' dir='ltr'>moderatione</span> <span class='ocrx_word' id='word_1_111' title='bbox 2704 2047 2768 2107; x_wconf 84' lang='lat' dir='ltr'>et</span> 
     </span>
     <span class='ocr_line' id='line_1_15' title="bbox 421 2150 2770 2240; baseline -0.001 -24"><span class='ocrx_word' id='word_1_112' title='bbox 421 2152 813 2240; x_wconf 87' lang='lat' dir='ltr'>prudentia,</span> <span class='ocrx_word' id='word_1_113' title='bbox 881 2158 1029 2218; x_wconf 89' lang='lat' dir='ltr'>tum</span> <span class='ocrx_word' id='word_1_114' title='bbox 1098 2153 1393 2218; x_wconf 83' lang='lat' dir='ltr'>maxime</span> <span class='ocrx_word' id='word_1_115' title='bbox 1451 2153 1742 2219; x_wconf 88' lang='lat' dir='ltr'>stultitia</span> <span class='ocrx_word' id='word_1_116' title='bbox 1792 2159 1861 2218; x_wconf 90' lang='lat' dir='ltr'>et</span> <span class='ocrx_word' id='word_1_117' title='bbox 1919 2152 2183 2238; x_wconf 88' lang='lat' dir='ltr'>inertia,</span> <span class='ocrx_word' id='word_1_118' title='bbox 2232 2151 2515 2218; x_wconf 89' lang='lat' dir='ltr'>fortasse</span> <span class='ocrx_word' id='word_1_119' title='bbox 2562 2150 2770 2215; x_wconf 90' lang='lat' dir='ltr'>imbe-</span> 
     </span>
     <span class='ocr_line' id='line_1_16' title="bbox 425 2259 1460 2348; baseline 0.001 -25"><span class='ocrx_word' id='word_1_120' title='bbox 425 2259 713 2325; x_wconf 90' lang='lat' dir='ltr'>cillitate</span> <span class='ocrx_word' id='word_1_121' title='bbox 758 2259 1354 2348; x_wconf 86' lang='lat' dir='ltr'>Polysperchontis</span> <span class='ocrx_word' id='word_1_122' title='bbox 1381 2259 1460 2347; x_wconf 80' lang='lat'>4).</span> 
     </span>
    </p>

    <p class='ocr_par' dir='ltr' id='par_1_5' title="bbox 423 2365 2778 3632">
     <span class='ocr_line' id='line_1_17' title="bbox 514 2365 2773 2455; baseline -0.001 -24"><span class='ocrx_word' id='word_1_123' title='bbox 514 2365 804 2432; x_wconf 88' lang='lat' dir='ltr'>Interim</span> <span class='ocrx_word' id='word_1_124' title='bbox 892 2368 1356 2455; x_wconf 89' lang='lat' dir='ltr'>imprudentia</span> <span class='ocrx_word' id='word_1_125' title='bbox 1426 2390 1466 2431; x_wconf 92' lang='lat' dir='ltr'>a</span> <span class='ocrx_word' id='word_1_126' title='bbox 1533 2366 2113 2455; x_wconf 88' lang='lat' dir='ltr'>Polysperchonte</span> <span class='ocrx_word' id='word_1_127' title='bbox 2195 2367 2550 2432; x_wconf 81' lang='lat' dir='ltr'>commissa</span> <span class='ocrx_word' id='word_1_128' title='bbox 2629 2387 2773 2429; x_wconf 89' lang='lat' dir='ltr'>sese</span> 
     </span>
     <span class='ocr_line' id='line_1_18' title="bbox 425 2472 2774 2560; baseline -0 -23"><span class='ocrx_word' id='word_1_129' title='bbox 425 2472 907 2560; x_wconf 87' lang='lat' dir='ltr'>conjungendo</span> <span class='ocrx_word' id='word_1_130' title='bbox 976 2475 1175 2540; x_wconf 89' lang='lat' dir='ltr'>simul</span> <span class='ocrx_word' id='word_1_131' title='bbox 1246 2497 1399 2540; x_wconf 91' lang='lat' dir='ltr'>cum</span> <span class='ocrx_word' id='word_1_132' title='bbox 1445 2474 1826 2541; x_wconf 88' lang='lat' dir='ltr'>Arrhidaeo</span> <span class='ocrx_word' id='word_1_133' title='bbox 1873 2481 1942 2540; x_wconf 90' lang='lat' dir='ltr'>et</span> <span class='ocrx_word' id='word_1_134' title='bbox 1984 2474 2326 2560; x_wconf 82' lang='lat' dir='ltr'>Eurydice</span> <span class='ocrx_word' id='word_1_135' title='bbox 2373 2472 2571 2538; x_wconf 90' lang='lat' dir='ltr'>simul</span> <span class='ocrx_word' id='word_1_136' title='bbox 2618 2495 2774 2537; x_wconf 89' lang='lat' dir='ltr'>cum</span> 
     </span>
     <span class='ocr_line' id='line_1_19' title="bbox 423 2580 2772 2670; baseline -0 -25"><span class='ocrx_word' id='word_1_137' title='bbox 423 2582 619 2667; x_wconf 85' lang='lat' dir='ltr'>regia</span> <span class='ocrx_word' id='word_1_138' title='bbox 685 2588 922 2665; x_wconf 90' lang='lat' dir='ltr'>matre,</span> <span class='ocrx_word' id='word_1_139' title='bbox 994 2583 1158 2669; x_wconf 91' lang='lat' dir='ltr'>ipsis</span> <span class='ocrx_word' id='word_1_140' title='bbox 1204 2582 1404 2646; x_wconf 89' lang='lat' dir='ltr'>rebus</span> <span class='ocrx_word' id='word_1_141' title='bbox 1450 2583 1520 2646; x_wconf 89' lang='lat' dir='ltr'>in</span> <span class='ocrx_word' id='word_1_142' title='bbox 1565 2582 1788 2647; x_wconf 90' lang='lat' dir='ltr'>lucem</span> <span class='ocrx_word' id='word_1_143' title='bbox 1830 2582 2104 2670; x_wconf 89' lang='lat' dir='ltr'>prodiit.</span> <span class='ocrx_word' id='word_1_144' title='bbox 2170 2581 2522 2669; x_wconf 86' lang='lat' dir='ltr'>Olympias</span> <span class='ocrx_word' id='word_1_145' title='bbox 2570 2580 2772 2664; x_wconf 86' lang='lat' dir='ltr'>enim,</span> 
     </span>
     <span class='ocr_line' id='line_1_20' title="bbox 425 2689 2774 2778; baseline -0.001 -23"><span class='ocrx_word' id='word_1_146' title='bbox 425 2695 587 2777; x_wconf 91' lang='lat' dir='ltr'>post</span> <span class='ocrx_word' id='word_1_147' title='bbox 632 2689 858 2755; x_wconf 91' lang='lat' dir='ltr'>clades</span> <span class='ocrx_word' id='word_1_148' title='bbox 905 2691 1501 2778; x_wconf 89' lang='lat' dir='ltr'>Polysperchontis</span> <span class='ocrx_word' id='word_1_149' title='bbox 1547 2691 1619 2755; x_wconf 92' lang='lat' dir='ltr'>in</span> <span class='ocrx_word' id='word_1_150' title='bbox 1668 2691 1975 2773; x_wconf 84' lang='lat' dir='ltr'>Graecia,</span> <span class='ocrx_word' id='word_1_151' title='bbox 2038 2690 2125 2755; x_wconf 90' lang='lat' dir='ltr'>ab</span> <span class='ocrx_word' id='word_1_152' title='bbox 2171 2690 2409 2756; x_wconf 91' lang='lat' dir='ltr'>eodem</span> <span class='ocrx_word' id='word_1_153' title='bbox 2453 2690 2528 2753; x_wconf 91' lang='lat' dir='ltr'>in</span> <span class='ocrx_word' id='word_1_154' title='bbox 2552 2689 2774 2755; x_wconf 88' lang='lat' dir='ltr'>Mace-</span> 
     </span>
     <span class='ocr_line' id='line_1_21' title="bbox 426 2795 2776 2885; baseline 0 -25"><span class='ocrx_word' id='word_1_155' title='bbox 426 2797 708 2861; x_wconf 90' lang='lat' dir='ltr'>doniam</span> <span class='ocrx_word' id='word_1_156' title='bbox 775 2803 1019 2862; x_wconf 85' lang='lat' dir='ltr'>vocata</span> <span class='ocrx_word' id='word_1_157' title='bbox 1090 2804 1211 2881; x_wconf 89' lang='lat' dir='ltr'>est,</span> <span class='ocrx_word' id='word_1_158' title='bbox 1281 2818 1436 2862; x_wconf 91' lang='lat' dir='ltr'>cum</span> <span class='ocrx_word' id='word_1_159' title='bbox 1503 2797 1649 2885; x_wconf 91' lang='lat' dir='ltr'>ipse</span> <span class='ocrx_word' id='word_1_160' title='bbox 1719 2819 1862 2862; x_wconf 88' lang='lat' dir='ltr'>sese</span> <span class='ocrx_word' id='word_1_161' title='bbox 1910 2819 2046 2862; x_wconf 93' lang='lat' dir='ltr'>non</span> <span class='ocrx_word' id='word_1_162' title='bbox 2109 2796 2398 2883; x_wconf 88' lang='lat' dir='ltr'>amplius</span> <span class='ocrx_word' id='word_1_163' title='bbox 2445 2795 2776 2861; x_wconf 90' lang='lat' dir='ltr'>sustinere</span> 
     </span>
     <span class='ocr_line' id='line_1_22' title="bbox 423 2904 2775 2991; baseline -0 -23"><span class='ocrx_word' id='word_1_164' title='bbox 423 2909 658 2991; x_wconf 86' lang='lat' dir='ltr'>posset</span> <span class='ocrx_word' id='word_1_165' title='bbox 726 2912 963 2969; x_wconf 88' lang='lat' dir='ltr'>contra</span> <span class='ocrx_word' id='word_1_166' title='bbox 1030 2905 1441 2991; x_wconf 87' lang='lat' dir='ltr'>Eurydicem</span> <span class='ocrx_word' id='word_1_167' title='bbox 1514 2911 1583 2970; x_wconf 94' lang='lat' dir='ltr'>et</span> <span class='ocrx_word' id='word_1_168' title='bbox 1649 2904 2098 2988; x_wconf 90' lang='lat' dir='ltr'>nobilitatem,</span> <span class='ocrx_word' id='word_1_169' title='bbox 2168 2925 2345 2990; x_wconf 89' lang='lat' dir='ltr'>quae</span> <span class='ocrx_word' id='word_1_170' title='bbox 2413 2925 2567 2968; x_wconf 86' lang='lat' dir='ltr'>cum</span> <span class='ocrx_word' id='word_1_171' title='bbox 2628 2904 2775 2989; x_wconf 87' lang='lat' dir='ltr'>jam</span> 
     </span>
     <span class='ocr_line' id='line_1_23' title="bbox 427 3011 2773 3099; baseline 0 -25"><span class='ocrx_word' id='word_1_172' title='bbox 427 3016 635 3075; x_wconf 86' lang='lat' dir='ltr'>antea</span> <span class='ocrx_word' id='word_1_173' title='bbox 690 3011 951 3076; x_wconf 89' lang='lat' dir='ltr'>occulte</span> <span class='ocrx_word' id='word_1_174' title='bbox 1012 3033 1168 3076; x_wconf 89' lang='lat' dir='ltr'>cum</span> <span class='ocrx_word' id='word_1_175' title='bbox 1213 3011 1591 3077; x_wconf 90' lang='lat' dir='ltr'>Cassandro</span> <span class='ocrx_word' id='word_1_176' title='bbox 1641 3033 1844 3098; x_wconf 87' lang='lat' dir='ltr'>agere</span> <span class='ocrx_word' id='word_1_177' title='bbox 1907 3012 2253 3099; x_wconf 85' lang='lat' dir='ltr'>coepisset,</span> <span class='ocrx_word' id='word_1_178' title='bbox 2302 3032 2483 3075; x_wconf 91' lang='lat' dir='ltr'>nunc</span> <span class='ocrx_word' id='word_1_179' title='bbox 2528 3032 2773 3077; x_wconf 90' lang='lat' dir='ltr'>renun-</span> 
     </span>
     <span class='ocr_line' id='line_1_24' title="bbox 425 3118 2775 3205; baseline 0 -24"><span class='ocrx_word' id='word_1_180' title='bbox 425 3118 642 3182; x_wconf 86' lang='lat' dir='ltr'>ciavit</span> <span class='ocrx_word' id='word_1_181' title='bbox 687 3140 842 3183; x_wconf 91' lang='lat' dir='ltr'>eum</span> <span class='ocrx_word' id='word_1_182' title='bbox 887 3140 1026 3184; x_wconf 91' lang='lat' dir='ltr'>una</span> <span class='ocrx_word' id='word_1_183' title='bbox 1071 3138 1227 3183; x_wconf 91' lang='lat' dir='ltr'>cum</span> <span class='ocrx_word' id='word_1_184' title='bbox 1269 3118 1620 3205; x_wconf 86' lang='lat' dir='ltr'>Antigono</span> <span class='ocrx_word' id='word_1_185' title='bbox 1665 3124 1746 3182; x_wconf 94' lang='lat' dir='ltr'>ut</span> <span class='ocrx_word' id='word_1_186' title='bbox 1783 3140 2192 3184; x_wconf 89' lang='lat' dir='ltr'>successores</span> <span class='ocrx_word' id='word_1_187' title='bbox 2238 3118 2775 3205; x_wconf 85' lang='lat' dir='ltr'>Polysperchon-</span> 
     </span>
     <span class='ocr_line' id='line_1_25' title="bbox 427 3223 2778 3312; baseline 0.001 -24"><span class='ocrx_word' id='word_1_188' title='bbox 427 3226 520 3288; x_wconf 90' lang='lat' dir='ltr'>tis</span> <span class='ocrx_word' id='word_1_189' title='bbox 547 3224 619 3311; x_wconf 85' lang='lat'>5),</span> <span class='ocrx_word' id='word_1_190' title='bbox 693 3247 825 3310; x_wconf 90' lang='lat' dir='ltr'>quo</span> <span class='ocrx_word' id='word_1_191' title='bbox 872 3223 1131 3290; x_wconf 87' lang='lat' dir='ltr'>factum</span> <span class='ocrx_word' id='word_1_192' title='bbox 1179 3231 1280 3290; x_wconf 87' lang='lat' dir='ltr'>est</span> <span class='ocrx_word' id='word_1_193' title='bbox 1324 3231 1402 3290; x_wconf 91' lang='lat' dir='ltr'>ut</span> <span class='ocrx_word' id='word_1_194' title='bbox 1469 3226 1632 3289; x_wconf 91' lang='lat' dir='ltr'>inde</span> <span class='ocrx_word' id='word_1_195' title='bbox 1680 3225 1765 3289; x_wconf 89' lang='lat' dir='ltr'>ab</span> <span class='ocrx_word' id='word_1_196' title='bbox 1811 3226 1940 3290; x_wconf 92' lang='lat' dir='ltr'>hoc</span> <span class='ocrx_word' id='word_1_197' title='bbox 1986 3232 2290 3312; x_wconf 90' lang='lat' dir='ltr'>tempore</span> <span class='ocrx_word' id='word_1_198' title='bbox 2338 3246 2473 3290; x_wconf 87' lang='lat' dir='ltr'>una</span> <span class='ocrx_word' id='word_1_199' title='bbox 2519 3232 2778 3290; x_wconf 88' lang='lat' dir='ltr'>starent</span> 
     </span>
     <span class='ocr_line' id='line_1_26' title="bbox 426 3329 2776 3420; baseline 0 -25"><span class='ocrx_word' id='word_1_200' title='bbox 426 3329 811 3396; x_wconf 89' lang='lat' dir='ltr'>Cassander</span> <span class='ocrx_word' id='word_1_201' title='bbox 858 3338 925 3396; x_wconf 87' lang='lat' dir='ltr'>et</span> <span class='ocrx_word' id='word_1_202' title='bbox 970 3332 1333 3417; x_wconf 87' lang='lat' dir='ltr'>Eurydice,</span> <span class='ocrx_word' id='word_1_203' title='bbox 1403 3332 1911 3420; x_wconf 89' lang='lat' dir='ltr'>Polysperchon</span> <span class='ocrx_word' id='word_1_204' title='bbox 1972 3340 2039 3398; x_wconf 90' lang='lat' dir='ltr'>et</span> <span class='ocrx_word' id='word_1_205' title='bbox 2108 3332 2479 3419; x_wconf 86' lang='lat' dir='ltr'>Olympias.</span> <span class='ocrx_word' id='word_1_206' title='bbox 2572 3331 2776 3418; x_wconf 90' lang='lat' dir='ltr'>Poly-</span> 
     </span>
     <span class='ocr_line' id='line_1_27' title="bbox 428 3437 2776 3527; baseline 0.001 -26"><span class='ocrx_word' id='word_1_207' title='bbox 428 3437 764 3525; x_wconf 89' lang='lat' dir='ltr'>sperchon</span> <span class='ocrx_word' id='word_1_208' title='bbox 830 3438 903 3501; x_wconf 94' lang='lat' dir='ltr'>in</span> <span class='ocrx_word' id='word_1_209' title='bbox 972 3439 1443 3504; x_wconf 88' lang='lat' dir='ltr'>Macedoniam</span> <span class='ocrx_word' id='word_1_210' title='bbox 1488 3439 1903 3527; x_wconf 87' lang='lat' dir='ltr'>properavit,</span> <span class='ocrx_word' id='word_1_211' title='bbox 1970 3438 2087 3504; x_wconf 91' lang='lat' dir='ltr'>sed</span> <span class='ocrx_word' id='word_1_212' title='bbox 2145 3440 2352 3504; x_wconf 90' lang='lat' dir='ltr'>etiam</span> <span class='ocrx_word' id='word_1_213' title='bbox 2399 3439 2776 3505; x_wconf 90' lang='lat' dir='ltr'>Cassander</span> 
     </span>
     <span class='ocr_line' id='line_1_28' title="bbox 426 3542 2776 3632; baseline 0.001 -24"><span class='ocrx_word' id='word_1_214' title='bbox 426 3543 596 3608; x_wconf 90' lang='lat' dir='ltr'>illuc</span> <span class='ocrx_word' id='word_1_215' title='bbox 661 3542 1042 3629; x_wconf 84' lang='lat' dir='ltr'>revertitur,</span> <span class='ocrx_word' id='word_1_216' title='bbox 1135 3546 1469 3632; x_wconf 90' lang='lat' dir='ltr'>multique</span> <span class='ocrx_word' id='word_1_217' title='bbox 1540 3547 1626 3611; x_wconf 92' lang='lat' dir='ltr'>ad</span> <span class='ocrx_word' id='word_1_218' title='bbox 1691 3569 1845 3611; x_wconf 92' lang='lat' dir='ltr'>eum</span> <span class='ocrx_word' id='word_1_219' title='bbox 1919 3545 2334 3613; x_wconf 88' lang='lat' dir='ltr'>defecerunt.</span> <span class='ocrx_word' id='word_1_220' title='bbox 2449 3547 2776 3612; x_wconf 87' lang='lat' dir='ltr'>Adventu</span> 
     </span>
    </p>
   </div>
   <div class='ocr_carea' id='block_1_3' title="bbox 428 3707 857 3715">
    <p class='ocr_par' dir='ltr' id='par_1_6' title="bbox 428 3707 857 3715">
     <span class='ocr_line' id='line_1_29' title="bbox 428 3707 857 3715; baseline 0 1635"><span class='ocrx_word' id='word_1_221' title='bbox 428 3707 857 3715; x_wconf 95' lang='lat' dir='ltr'> </span> 
     </span>
    </p>
   </div>
   <div class='ocr_carea' id='block_1_4' title="bbox 428 3793 2780 4474">
    <p class='ocr_par' dir='ltr' id='par_1_7' title="bbox 428 3793 2774 3937">
     <span class='ocr_line' id='line_1_30' title="bbox 484 3793 2774 3862; baseline -0.001 -14"><span class='ocrx_word' id='word_1_222' title='bbox 484 3793 533 3856; x_wconf 76' lang='lat'>1)</span> <span class='ocrx_word' id='word_1_223' title='bbox 573 3795 630 3848; x_wconf 90' lang='lat' dir='ltr'>C.</span> <span class='ocrx_word' id='word_1_224' title='bbox 671 3795 712 3848; x_wconf 84' lang='lat' dir='ltr'>I.</span> <span class='ocrx_word' id='word_1_225' title='bbox 750 3795 811 3848; x_wconf 88' lang='lat' dir='ltr'>A.</span> <span class='ocrx_word' id='word_1_226' title='bbox 849 3796 903 3848; x_wconf 92' lang='lat' dir='ltr'>II</span> <span class='ocrx_word' id='word_1_227' title='bbox 942 3795 1095 3849; x_wconf 81' lang='grc'><strong>1217.</strong></span> <span class='ocrx_word' id='word_1_228' title='bbox 1153 3796 1390 3851; x_wconf 78' lang='lat' dir='ltr'>Dittenb.</span> <span class='ocrx_word' id='word_1_229' title='bbox 1446 3796 1564 3850; x_wconf 83' lang='lat'>165.</span> <span class='ocrx_word' id='word_1_230' title='bbox 1621 3796 1892 3854; x_wconf 64' lang='grc' dir='ltr'>Ἀθηναίων</span> <span class='ocrx_word' id='word_1_231' title='bbox 1940 3798 1991 3846; x_wconf 77' lang='grc' dir='ltr'>οἱ</span> <span class='ocrx_word' id='word_1_232' title='bbox 2020 3795 2320 3862; x_wconf 76' lang='grc' dir='ltr'><em>τεταγμένοι</em></span> <span class='ocrx_word' id='word_1_233' title='bbox 2361 3794 2454 3845; x_wconf 72' lang='grc' dir='ltr'>ὑπὸ</span> <span class='ocrx_word' id='word_1_234' title='bbox 2493 3800 2583 3846; x_wconf 75' lang='grc' dir='ltr'>τοῦ</span> <span class='ocrx_word' id='word_1_235' title='bbox 2621 3794 2774 3859; x_wconf 72' lang='grc' dir='ltr'><strong><em>δήμου</em></strong></span> 
     </span>
     <span class='ocr_line' id='line_1_31' title="bbox 428 3881 1205 3937; baseline 0 -4"><span class='ocrx_word' id='word_1_236' title='bbox 428 3881 481 3933; x_wconf 79' lang='grc' dir='ltr'>ἐν</span> <span class='ocrx_word' id='word_1_237' title='bbox 519 3884 762 3932; x_wconf 75' lang='grc' dir='ltr'>Ἐλευσῖνι</span> <span class='ocrx_word' id='word_1_238' title='bbox 798 3881 886 3932; x_wconf 71' lang='grc' dir='ltr'>καὶ</span> <span class='ocrx_word' id='word_1_239' title='bbox 921 3883 1205 3937; x_wconf 52' lang='lat' dir='ltr'>navam-wc.</span> 
     </span>
    </p>

    <p class='ocr_par' dir='ltr' id='par_1_8' title="bbox 488 3972 1177 4031">
     <span class='ocr_line' id='line_1_32' title="bbox 488 3972 1177 4031; baseline -0.009 0"><span class='ocrx_word' id='word_1_240' title='bbox 488 3973 538 4031; x_wconf 69' lang='lat'>2)</span> <span class='ocrx_word' id='word_1_241' title='bbox 575 3972 812 4027; x_wconf 89' lang='lat' dir='ltr'>Dittenb.</span> <span class='ocrx_word' id='word_1_242' title='bbox 850 3973 925 4027; x_wconf 91' lang='lat' dir='ltr'>l.l.</span> <span class='ocrx_word' id='word_1_243' title='bbox 963 3991 1087 4028; x_wconf 88' lang='lat' dir='ltr'>ann.</span> <span class='ocrx_word' id='word_1_244' title='bbox 1127 3975 1177 4027; x_wconf 93' lang='lat'>1.</span> 
     </span>
    </p>

    <p class='ocr_par' dir='ltr' id='par_1_9' title="bbox 486 4061 1345 4131">
     <span class='ocr_line' id='line_1_33' title="bbox 486 4061 1345 4131; baseline 0.003 -18"><span class='ocrx_word' id='word_1_245' title='bbox 486 4061 533 4127; x_wconf 85' lang='lat'>3)</span> <span class='ocrx_word' id='word_1_246' title='bbox 570 4062 765 4131; x_wconf 83' lang='lat' dir='ltr'>Droys.</span> <span class='ocrx_word' id='word_1_247' title='bbox 807 4063 855 4116; x_wconf 80' lang='grc'>2.</span> <span class='ocrx_word' id='word_1_248' title='bbox 893 4063 941 4116; x_wconf 81' lang='grc'>2.</span> <span class='ocrx_word' id='word_1_249' title='bbox 982 4064 1085 4116; x_wconf 84' lang='lat'>179</span> <span class='ocrx_word' id='word_1_250' title='bbox 1124 4067 1180 4118; x_wconf 83' lang='lat' dir='ltr'>et</span> <span class='ocrx_word' id='word_1_251' title='bbox 1222 4064 1345 4117; x_wconf 87' lang='lat'>181.</span> 
     </span>
    </p>

    <p class='ocr_par' dir='ltr' id='par_1_10' title="bbox 430 4149 2780 4474">
     <span class='ocr_line' id='line_1_34' title="bbox 487 4149 2776 4219; baseline 0.002 -19"><span class='ocrx_word' id='word_1_252' title='bbox 487 4149 533 4216; x_wconf 81' lang='lat'>4)</span> <span class='ocrx_word' id='word_1_253' title='bbox 573 4151 731 4206; x_wconf 87' lang='lat' dir='ltr'>Diod.</span> <span class='ocrx_word' id='word_1_254' title='bbox 773 4152 851 4205; x_wconf 80' lang='lat'>18.</span> <span class='ocrx_word' id='word_1_255' title='bbox 895 4153 978 4206; x_wconf 81' lang='lat'>75.</span> <span class='ocrx_word' id='word_1_256' title='bbox 1016 4154 1065 4207; x_wconf 81' lang='grc'>2,</span> <span class='ocrx_word' id='word_1_257' title='bbox 1104 4155 1131 4203; x_wconf 82' lang='grc' dir='ltr'><em>δ</em></span> <span class='ocrx_word' id='word_1_258' title='bbox 1166 4155 1254 4215; x_wconf 78' lang='grc' dir='ltr'>μὲν</span> <span class='ocrx_word' id='word_1_259' title='bbox 1283 4156 1380 4217; x_wconf 69' lang='grc' dir='ltr'>γὰρ</span> <span class='ocrx_word' id='word_1_260' title='bbox 1400 4155 1770 4218; x_wconf 75' lang='grc' dir='ltr'><em>Πολυσπέρχων</em></span> <span class='ocrx_word' id='word_1_261' title='bbox 1789 4153 1949 4219; x_wconf 72' lang='grc' dir='ltr'><strong><em>ἀργῶς</em></strong></span> <span class='ocrx_word' id='word_1_262' title='bbox 1970 4151 2119 4204; x_wconf 79' lang='grc' dir='ltr'><strong><em>ἐδόκει</em></strong></span> <span class='ocrx_word' id='word_1_263' title='bbox 2141 4153 2227 4204; x_wconf 71' lang='grc' dir='ltr'>καὶ</span> <span class='ocrx_word' id='word_1_264' title='bbox 2246 4153 2460 4217; x_wconf 75' lang='grc' dir='ltr'><strong><em>ἀφρόνως</em></strong></span> <span class='ocrx_word' id='word_1_265' title='bbox 2483 4158 2776 4217; x_wconf 73' lang='grc' dir='ltr'><strong><em>προστατεῖν</em></strong></span> 
     </span>
     <span class='ocr_line' id='line_1_35' title="bbox 430 4240 2774 4308; baseline 0.003 -21"><span class='ocrx_word' id='word_1_266' title='bbox 430 4242 524 4295; x_wconf 74' lang='grc' dir='ltr'>τῆς</span> <span class='ocrx_word' id='word_1_267' title='bbox 577 4257 633 4289; x_wconf 82' lang='grc' dir='ltr'>τε</span> <span class='ocrx_word' id='word_1_268' title='bbox 687 4242 948 4301; x_wconf 72' lang='grc' dir='ltr'><strong><em>βασιλείας</em></strong></span> <span class='ocrx_word' id='word_1_269' title='bbox 1003 4241 1089 4291; x_wconf 71' lang='grc' dir='ltr'>καὶ</span> <span class='ocrx_word' id='word_1_270' title='bbox 1140 4247 1237 4291; x_wconf 75' lang='grc' dir='ltr'>τῶν</span> <span class='ocrx_word' id='word_1_271' title='bbox 1293 4242 1594 4305; x_wconf 75' lang='grc' dir='ltr'><strong><em>συμμάχων,</em></strong></span> <span class='ocrx_word' id='word_1_272' title='bbox 1643 4245 1668 4292; x_wconf 82' lang='grc' dir='ltr'><strong><em>ὁ</em></strong></span> <span class='ocrx_word' id='word_1_273' title='bbox 1705 4242 1756 4292; x_wconf 78' lang='grc' dir='ltr'>δὲ</span> <span class='ocrx_word' id='word_1_274' title='bbox 1796 4241 2107 4305; x_wconf 75' lang='grc' dir='ltr'>Κάσσανδρος</span> <span class='ocrx_word' id='word_1_275' title='bbox 2143 4240 2364 4300; x_wconf 75' lang='grc' dir='ltr'>ἐπιεικῶς</span> <span class='ocrx_word' id='word_1_276' title='bbox 2400 4248 2774 4308; x_wconf 76' lang='grc' dir='ltr'><strong><em>προσφερόμενος</em></strong></span> 
     </span>
     <span class='ocr_line' id='line_1_36' title="bbox 431 4328 2780 4395; baseline 0.002 -17"><span class='ocrx_word' id='word_1_277' title='bbox 431 4333 562 4378; x_wconf 76' lang='grc' dir='ltr'>πᾶσι</span> <span class='ocrx_word' id='word_1_278' title='bbox 614 4329 700 4378; x_wconf 70' lang='grc' dir='ltr'>καὶ</span> <span class='ocrx_word' id='word_1_279' title='bbox 754 4332 889 4379; x_wconf 74' lang='grc' dir='ltr'>κατὰ</span> <span class='ocrx_word' id='word_1_280' title='bbox 941 4333 1035 4388; x_wconf 70' lang='grc' dir='ltr'>τὰς</span> <span class='ocrx_word' id='word_1_281' title='bbox 1089 4328 1282 4393; x_wconf 76' lang='grc' dir='ltr'><em>πράξεις</em></span> <span class='ocrx_word' id='word_1_282' title='bbox 1333 4329 1520 4394; x_wconf 77' lang='grc' dir='ltr'>ἐνεργὸς</span> <span class='ocrx_word' id='word_1_283' title='bbox 1574 4330 1635 4380; x_wconf 71' lang='grc' dir='ltr'>ὢν</span> <span class='ocrx_word' id='word_1_284' title='bbox 1692 4335 1904 4389; x_wconf 76' lang='grc' dir='ltr'><strong><em>πάλλους</em></strong></span> <span class='ocrx_word' id='word_1_285' title='bbox 1956 4330 2090 4394; x_wconf 78' lang='grc' dir='ltr'><strong><em>εἶχεν</em></strong></span> <span class='ocrx_word' id='word_1_286' title='bbox 2146 4334 2429 4395; x_wconf 70' lang='grc' dir='ltr'>αἱρετιστὰς</span> <span class='ocrx_word' id='word_1_287' title='bbox 2478 4337 2568 4392; x_wconf 75' lang='grc' dir='ltr'>τῆς</span> <span class='ocrx_word' id='word_1_288' title='bbox 2622 4333 2780 4383; x_wconf 68' lang='grc' dir='ltr'><strong><em>αὖα-οῦ</em></strong></span> 
     </span>
     <span class='ocr_line' id='line_1_37' title="bbox 431 4417 740 4474; baseline 0 -7"><span class='ocrx_word' id='word_1_289' title='bbox 431 4417 740 4474; x_wconf 71' lang='grc' dir='ltr'><strong><em>δυναστείας.</em></strong></span> 
     </span>
    </p>
   </div>
   <div class='ocr_carea' id='block_1_5' title="bbox 490 4506 1070 4573">
    <p class='ocr_par' dir='ltr' id='par_1_11' title="bbox 490 4506 1070 4573">
     <span class='ocr_line' id='line_1_38' title="bbox 490 4506 1070 4573; baseline 0 -11"><span class='ocrx_word' id='word_1_290' title='bbox 490 4506 538 4573; x_wconf 78' lang='grc'>5)</span> <span class='ocrx_word' id='word_1_291' title='bbox 576 4506 774 4563; x_wconf 86' lang='lat' dir='ltr'>Justin.</span> <span class='ocrx_word' id='word_1_292' title='bbox 815 4508 895 4559; x_wconf 88' lang='lat'>14.</span> <span class='ocrx_word' id='word_1_293' title='bbox 934 4509 982 4561; x_wconf 87' lang='lat'>5.</span> <span class='ocrx_word' id='word_1_294' title='bbox 1021 4509 1070 4563; x_wconf 87' lang='lat'>3.</span> 
     </span>
    </p>
   </div>
  </div>
 </body>
</html>
