3338 5350
1653 526 1780 590 168

548 730 916 809 antequam
986 721 1238 787 auxilia
1304 720 1673 786 mitterent.
1764 719 1858 784 Et
1924 720 2254 806 quidnam
2299 720 2485 786 aliud
2531 745 2715 788 nunc
2754 723 2837 787 fit
2850 723 2881 787 Ρ

547 830 787 895 Boeoti
853 830 1252 911 PhocenseS‚
1323 826 1551 892 Aetoli
1598 833 1666 891 et
1709 833 1947 912 gentes
1996 825 2489 915 Septentrionis
2534 830 2881 917 proximae

544 938 844 1027 periculo
926 937 1213 1003 fortasse
1294 933 1600 1011 πανδήμει
1673 935 1760 999 ad
1844 933 2332 1022 Thermopylas
2419 937 2876 1021 egrediuntur,

548 1045 996 1110 Athenienses
1049 1043 1195 1128 jam
1259 1040 1650 1106 remotiores
1714 1062 1755 1105 a
1812 1040 2114 1128 periculo
2177 1041 2470 1108 delectos
2516 1043 2765 1108 milites
2812 1051 2881 1108 et

547 1151 827 1237 equiteS,
874 1149 1082 1215 etiam
1127 1148 1410 1214 classem
1454 1147 1758 1230 mittunt,
1805 1148 1878 1211 in
1922 1148 2390 1234 Peloponneso
2437 1158 2667 1214 autem
2709 1150 2883 1215 nihil

547 1264 806 1324 motum
853 1263 970 1322 est.
1018 1255 1236 1321 Immo
1281 1254 1490 1320 etiam
1533 1276 1718 1319 nunc
1761 1255 1874 1321 vel
1920 1255 1993 1318 in
2039 1277 2301 1320 summo
2325 1255 2532 1321 totius
2556 1257 2881 1323 Graeciae

544 1364 864 1454 pericu10‚
911 1364 1293 1429 inveterata
1338 1360 1459 1427 illa
1501 1360 1767 1426 invidia
1810 1361 1885 1426 in
1928 1361 2056 1426 hac
2094 1361 2496 1449 paeninsula
2519 1363 2882 1429 manifesta

546 1472 644 1538 fit.
692 1470 1010 1537 Messenii
1050 1476 1119 1535 et
1161 1469 1462 1535 Arcades
1510 1468 1763 1534 auxilia
1806 1468 2078 1533 mittere
2123 1469 2270 1533 ausi
2314 1491 2453 1535 non
2496 1478 2672 1555 sunt,
2702 1473 2882 1557 quod

545 1585 925 1644 metuerent
965 1599 1056 1670 ne
1103 1576 1424 1664 Spartani
1470 1597 1594 1663 per
1635 1575 1966 1644 exercitus
2005 1574 2384 1641 absentiam
2409 1578 2883 1643 auctoritatem

546 1706 738 1750 suam
802 1685 1255 1768 restituerent,
1325 1705 1558 1750 revera
1623 1704 1766 1748 non
1834 1683 2314 1749 documentum
2396 1683 2882 1750 imbecillitatis

546 1791 1038 1880 Spartanorum
1064 1792 1137 1878 1).
1212 1789 1529 1856 Messenii
1590 1791 1816 1856 conati
1878 1795 2036 1855 sunt
2091 1790 2399 1856 inducias
2460 1790 2682 1857 facere
2729 1814 2883 1857 cum

545 1898 920 1987 Spartanis,
967 1905 1044 1965 ut
1087 1898 1364 1983 reliquis
1411 1897 1688 1963 Graecis
1736 1897 1987 1963 auxilio
2034 1897 2365 1982 venirent,
2415 1899 2534 1963 sed
2558 1898 2883 1987 Spartani

541 2027 686 2070 rem
723 2012 1061 2092 negarunt
1086 2006 1160 2091 2).
1209 2005 1428 2084 Quam
1450 2004 1536 2070 ob
1561 2026 1706 2070 rem
1730 2004 2104 2069 Pausanias
2128 2025 2275 2072 rem
2301 2026 2428 2070 acu
2451 2006 2701 2090 tetigit,
2728 2028 2882 2073 cum

545 2112 795 2177 diceret
865 2112 1219 2178 Gallorum
1283 2111 1709 2177 invasionem
1775 2111 2159 2196 neglectam
2233 2133 2379 2176 esse
2438 2110 2524 2177 ab
2570 2112 2882 2178 omnibus

543 2213 1071 2307 Peloponnesiis,
1142 2220 1326 2307 quod
1382 2201 1710 2306 putarent
1771 2216 1901 2283 sibi
1962 2217 2136 2283 nihil
2180 2218 2266 2283 ab
2314 2220 2396 2283 iis
2443 2221 2884 2286 metuendum

547 2347 710 2410 esse,
780 2327 837 2391 si
882 2325 1219 2392 Isthmum
1265 2347 1456 2391 muro
1501 2324 2054 2408 interclusissent,
2103 2348 2258 2390 cum
2301 2325 2530 2391 classis
2575 2326 2882 2393 barbaris

541 2454 680 2497 non
739 2438 1009 2520 praesto
1071 2439 1267 2499 esset.
1329 2433 1561 2498 Etiam
1606 2454 1672 2497 v.
1722 2432 1787 2495 d.
1838 2453 1976 2497 van
2025 2429 2281 2496 Gelder
2322 2431 2693 2505 rectissime
2738 2455 2884 2498 rem

532 2546 969 2627 'perspectum
1015 2539 1276 2623 habuit,
1323 2561 1479 2604 cum
1524 2538 1868 2626 scripserit
1913 2560 1979 2626 p.
2029 2538 2115 2603 37
2162 2539 2248 2603 de
2293 2536 2618 2603 Achaeis:
2689 2540 2884 2625 „Non

549 2646 1093 2735 „perspiciebant
1138 2646 1377 2733 quanti
1403 2655 1579 2712 esset
1603 2644 2221 2734 Septentrionalem
2244 2645 2600 2713 Graeciam
2623 2647 2883 2714 Graeco

549 2754 847 2840 „nomini
913 2776 1051 2820 non
1115 2753 1400 2819 amitti.'’
1487 2751 1625 2818 Sed
1697 2775 1823 2838 ego
1893 2753 2175 2830 addere
2210 2753 2451 2837 velim3
2521 2754 2696 2819 nihil
2764 2778 2887 2820 sua

540 2863 884 2944 intererat,
945 2861 1344 2926 obcoecatae
1407 2866 1485 2925 ut
1542 2858 1822 2925 fuerunt
1880 2866 2118 2945 gentes
2178 2858 2506 2926 Graeciae
2570 2862 2883 2949 „provin-

542 2966 889 3032 cialismo”
939 2988 1078 3052 suo,
1131 2974 1206 3033 ut
1249 2968 1542 3033 barbara
1585 2967 1926 3032 locutione
1973 2974 2145 3031 utar.
2195 2965 2402 3033 Nullo
2448 2969 2648 3033 modo
2674 2968 2885 3054 igitur

546 3073 852 3160 quaestio
899 3096 1042 3140 esse
1085 3075 1310 3161 potuit
1354 3075 1483 3141 hoc
1532 3074 1711 3140 bello
1752 3075 1838 3140 de
1882 3073 2157 3140 foedere
2179 3074 2537 3140 universae
2562 3075 2886 3140 Graeciae

541 3187 776 3247 contra
841 3180 1185 3265 barbarOS,
1232 3180 1415 3247 solae
1460 3189 1699 3268 gentes
1737 3179 2071 3246 finitimae
2110 3203 2220 3246 eos
2262 3182 2350 3247 ad
2390 3181 2881 3269 Thermopylas

540 3287 870 3375 repellere
916 3295 1200 3354 conatae
1246 3295 1424 3355 sunt.

629 3394 813 3460 Galli
860 3396 947 3460 ad
992 3395 1295 3483 Delphos
1339 3395 1596 3483 repulsi
1640 3401 1819 3478 sunt,
1853 3396 2062 3462 etiam
2085 3419 2122 3462 e
2144 3396 2546 3462 Macedonia
2566 3397 2883 3463 recedere

542 3525 583 3567 a
644 3500 976 3567 Sosthene
1036 3503 1254 3568 coacti
1298 3510 1476 3568 sunt.
1549 3502 1879 3588 Sequenti
1925 3525 2103 3569 anno
2149 3503 2283 3568 278
2328 3511 2483 3591 post
2530 3502 2882 3570 Sosthenis

540 3615 845 3691 mortem,
909 3608 1228 3675 universa
1290 3609 1696 3676 Macedonia
1753 3633 1981 3676 rursus
2038 3609 2399 3676 anarchiae
2443 3610 2737 3677 obnoxia
2780 3611 2881 3695 fit,

543 3714 794 3781 diversi
838 3716 1035 3801 regni
1078 3717 1554 3805 competitores
1598 3738 1827 3782 rerum
1870 3717 2078 3804 potiri
2116 3724 2467 3783 conantur.

627 3822 889 3887 Eodem
934 3844 1112 3888 anno
1157 3823 1457 3888 Paeonia
1503 3846 1543 3888 a
1588 3823 1934 3911 Dropione
1981 3831 2333 3910 tamquam
2378 3823 2592 3889 libera
2639 3823 2882 3890 civitas

540 3929 907 3994 constituta
967 3936 1066 3994 est
1094 3928 1166 4017 3),
1228 3928 1648 3995 Cassandrea
1714 3930 1893 4012 urbS,
1950 3931 2096 4016 jam
2159 3938 2360 3996 antea
2407 3932 2492 3996 ab
2539 3932 2886 4017 Eurydice

537 4035 852 4101 libertate
897 4037 1169 4120 donata,
1218 4038 1336 4102 sed
1385 4037 1631 4103 iterum
1676 4034 2117 4104 Macedoniae
2162 4039 2311 4125 regi
2355 4038 2650 4104 obnoxia
2672 4037 2881 4122 facta,

594 4295 644 4356 ¹)
684 4295 847 4350 Paus.
881 4295 935 4349 8.
976 4297 1025 4350 6.
1064 4296 1113 4350 3.

594 4383 647 4448 2)
685 4384 848 4439 Paus.
888 4385 938 4438 4.
978 4385 1063 4439 28.
1100 4386 1151 4439 3.

599 4472 649 4540 3)
685 4474 924 4528 Dittenb.
965 4473 1085 4528 208.

3326 521 3327 542 A
3296 311 3328 404 ..u-
