3338 5350
1451 484 1577 549 139

332 681 670 747 dominati
742 685 919 762 sunt,
989 680 1252 745 nummi
1320 679 1747 747 Macedonici
1814 679 2041 746 emissi
2111 686 2269 746 sunt
2313 680 2381 763 ¹).
2432 680 2679 760 Quam-

330 810 547 875 quam
627 787 800 853 nihil
866 787 1061 854 nobis
1131 787 1460 852 traditum
1529 793 1631 852 est
1699 787 1787 852 de
1860 787 2400 852 institutionibus
2467 788 2680 874 ipsius

329 895 545 979 urbis,
617 900 847 961 tamen
918 895 991 961 hi
1058 897 1320 961 nummi
1386 893 1581 960 nobis
1649 899 1856 960 testes
1902 901 2078 978 sunt,
2124 894 2461 960 rationem
2504 895 2683 960 inter

331 1002 608 1068 Thebas
676 1010 744 1068 et
813 1001 1286 1069 Macedoniam
1329 1001 1636 1090 profecto
1682 1002 2031 1068 recessisse
2082 1024 2121 1067 a
2167 1007 2351 1067 statu
2397 1002 2685 1067 aliarum

331 1110 722 1178 civitatium
790 1109 1137 1193 Graeciae,
1205 1132 1384 1197 quae
1430 1110 1819 1175 auctoritati
1863 1109 2306 1175 Macedoniae
2351 1109 2685 1176 obnoxiae

334 1224 554 1283 erant.
631 1217 780 1283 Hoc
841 1223 1113 1283 tantum
1160 1218 1408 1283 scimus
1454 1217 1871 1305 praesidium
1913 1216 2429 1283 Macedonicum
2474 1215 2684 1282 fuisse

329 1326 407 1390 in
451 1324 751 1390 Cadmea
798 1346 967 1407 arce,
1017 1325 1138 1390 sed
1180 1325 1311 1389 hoc
1355 1324 1528 1389 nihil
1574 1326 1661 1390 ad
1708 1325 1926 1412 ipsam
1975 1345 2137 1389 rem.
2188 1323 2326 1390 Sed
2372 1324 2429 1390 si
2472 1325 2683 1412 respi-

333 1432 555 1497 cimus
624 1432 711 1496 ad
751 1431 903 1498 illos
948 1454 1281 1514 numm08,
1331 1437 1859 1498 consentaneum
1906 1436 2009 1497 est
2056 1432 2384 1520 suspicari
2430 1437 2686 1497 statum

331 1539 525 1605 urbis
593 1560 732 1604 non
796 1540 895 1604 ita
934 1538 1231 1604 multum
1277 1539 1722 1626 discrepuisse
1769 1561 1809 1604 a
1853 1545 2034 1604 statu
2083 1538 2368 1604 aliarum
2416 1539 2686 1605 urbium

332 1670 375 1712 a
418 1646 698 1733 regibus
746 1653 1101 1735 captarum
1144 1646 1218 1710 in
1264 1646 1653 1733 regionibus
1700 1646 2140 1713 Macedoniae
2187 1647 2561 1713 confinibus
2609 1655 2687 1713 ut

330 1752 792 1838 Abderorum,
862 1753 1225 1820 Maroneae
1292 1760 1362 1819 et
1426 1753 1623 1837 Aeni,
1672 1775 1849 1840 quae
1892 1754 2092 1819 urbes
2138 1754 2412 1820 nomine
2486 1761 2683 1820 tenus

330 1859 752 1944 Hellenicae‚
823 1867 1050 1927 tamen
1121 1859 1563 1926 Macedoniae
1609 1861 1952 1943 subjectae
1998 1868 2193 1927 erant
2232 1860 2351 1949 (cf.
2399 1867 2606 1949 caput
2650 1863 2685 1927 I

328 1990 494 2056 pag.
562 1968 697 2053 27),
772 1975 841 2032 et
907 1975 1259 2055 tamquam
1328 1968 1700 2056 municipia
1767 1968 2206 2035 Macedonica
2265 1968 2540 2055 regibus
2611 1970 2680 2034 in

334 2074 527 2140 omni
568 2096 644 2140 re
688 2074 1160 2141 oboediebant.

427 2181 579 2247 Hoc
643 2183 846 2248 modo
910 2182 1118 2248 etiam
1166 2181 1492 2271 explicari
1537 2189 1821 2271 possunt
1866 2183 2041 2249 varii
2085 2188 2367 2250 conatus
2411 2181 2681 2249 Theba-

333 2311 583 2355 norum
627 2296 705 2355 ut
752 2311 894 2355 sese
927 2288 1095 2376 jugo
1145 2290 1583 2356 Macedonico
1632 2290 2021 2375 liberarent,
2074 2313 2250 2378 quae
2296 2312 2402 2356 res
2450 2297 2680 2356 autem

330 2418 478 2462 non
525 2403 682 2461 ante
733 2418 988 2461 annum
1035 2396 1169 2462 288
1215 2397 1551 2481 successit,
1601 2420 1758 2463 cum
1802 2397 1962 2463 urbs
1988 2421 2028 2463 a
2053 2398 2400 2464 Demetrio
2424 2398 2682 2464 Polior-

336 2510 493 2569 ceta
538 2504 611 2568 in
656 2502 1044 2569 libertatem
1088 2504 1404 2570 restituta
1452 2511 1571 2571 est.
1619 2506 1689 2585 ²).

426 2611 661 2677 Etiam
750 2610 919 2677 haec
988 2634 1094 2678 res
1166 2619 1567 2699 argumento
1637 2635 1781 2680 esse
1848 2619 2073 2702 potest
2120 2635 2239 2680 cur
2308 2612 2686 2680 Cassander

333 2741 592 2785 novam
662 2719 901 2785 urbem
952 2741 1091 2786 non
1142 2721 1226 2786 ab
1268 2721 1454 2786 omni
1500 2730 1697 2808 parte
1743 2722 1815 2786 in
1860 2720 2247 2787 libertatem
2292 2721 2681 2804 restituerit,

333 2827 525 2912 quod
570 2832 903 2892 metueret
949 2849 1037 2892 ne
1082 2825 1378 2914 reliquos
1401 2828 1693 2895 Boeotos
1717 2828 1919 2894 nimis
1946 2828 2399 2895 exacerbaret.
2424 2828 2687 2894 Eadem

329 2956 442 2998 res
512 2932 712 2998 facile
777 2934 1069 3021 explicat
1118 2935 1461 3000 diversam
1503 2936 1836 3001 rationem
1885 2958 2060 3022 quae
2105 2935 2466 3002 intercedit
2510 2935 2689 3000 inter

334 3039 799 3106 Cassandrum
851 3046 915 3105 et
964 3041 1258 3108 Boeotos
1308 3048 1376 3107 et
1422 3042 1781 3108 Thebanos
1831 3042 1917 3108 ab
1965 3042 2179 3108 altera
2226 3050 2440 3131 parte.

426 3146 629 3212 Anno
701 3148 879 3212 enim
930 3149 1061 3213 313
1113 3155 1181 3214 et
1227 3149 1468 3215 Boeoti
1516 3155 1583 3213 et
1631 3149 1904 3214 Thebae
1945 3156 2183 3216 contra
2232 3150 2688 3216 Cassandrum

333 3256 869 3338 insurrexerunt,
957 3277 1099 3321 sese
1166 3256 1517 3342 Antigono
1590 3256 2129 3344 applicaverunt,
2201 3280 2242 3322 a
2310 3256 2687 3322 Cassandro

332 3361 560 3428 denuo
628 3362 701 3426 in
770 3363 1077 3428 ordinem
1143 3363 1380 3446 coacti,
1451 3362 1560 3428 hic
1621 3385 1778 3429 cum
1837 3364 2112 3430 Boeotis
2157 3364 2458 3429 indutias
2502 3362 2687 3445 fecit,

332 3491 492 3534 cum
538 3470 880 3535 Thebanis
928 3477 1161 3536 autem
1208 3471 1602 3537 societatem
1649 3472 1826 3555 iniit,
1875 3471 1947 3537 id
1997 3478 2097 3537 est
2141 3493 2253 3538 eos
2298 3471 2565 3557 redegit
2615 3470 2686 3534 in

330 3577 696 3664 pristinam
740 3578 1214 3660 conditionem,
1283 3578 1699 3665 praesidium
1745 3589 1816 3645 in
1861 3577 2162 3645 Cadmea
2213 3580 2441 3668 posuit
2467 3578 2539 3664 ³).

425 3682 870 3771 Temporibus
894 3685 1401 3770 insequentibus
1437 3685 1913 3751 Thebanorum
1939 3687 2099 3752 urbs
2125 3686 2407 3751 diversis
2425 3685 2689 3751 casibus

333 3790 632 3856 obnoxia
700 3789 851 3873 fuit,
920 3813 1103 3856 nunc
1179 3791 1265 3856 ab
1336 3814 1471 3859 uno
1517 3793 1825 3881 principe
1872 3793 2141 3880 capitur
2186 3800 2255 3857 et
2299 3798 2688 3880 occupatur,

329 3918 516 3962 nunc
563 3896 735 3963 alter
778 3896 1018 3963 urbem
1063 3899 1152 3963 ad
1200 3921 1270 3964 se
1318 3899 1546 3964 trahit.
1633 3898 1786 3965 Hoc
1838 3906 2070 3965 tamen
2115 3905 2382 3965 constat
2429 3899 2686 3986 aliquid

386 4177 437 4239 1)
474 4175 710 4245 Barclay
745 4175 901 4229 Head
939 4176 1165 4246 History
1201 4176 1263 4230 of
1293 4176 1388 4230 the
1427 4176 1657 4247 coinage
1695 4178 1758 4232 of
1789 4178 2018 4232 Boeotia
2070 4177 2155 4231 80.

389 4264 440 4330 2)
477 4264 623 4318 Plut.
662 4264 905 4319 Demetr.
944 4265 1031 4317 46.

388 4351 436 4419 3)
474 4353 632 4407 Diod.
673 4354 756 4407 19.
806 4355 888 4408 77.
927 4354 975 4407 6.
1025 4355 1271 4415 Θηβαίους
1327 4351 1443 4410 δἐἷς
1497 4355 1587 4412 τὴν
1635 4354 1795 4405 αὑτοῦ
1849 4357 2153 4422 συμμαχίαν
2202 4354 2498 4413 κατ-ἕστηκ’
2574 4357 2695 4419 πρὸς

337 4440 390 4492 δὲ
428 4443 544 4498 τοὺς
581 4441 769 4499 ἄλλους
813 4444 1043 4500 Βοιωτοὺς
1083 4442 1273 4506 ἀνοχὰς
1311 4442 1647 4506 ποιησάμενος.
