3338 5350
1655 504 1783 569 178

555 725 811 767 annum
854 702 983 766 217
1005 701 1467 789 Antipatriam
1507 701 1820 768 ultimum
1835 702 2422 790 propugnaculum
2442 703 2882 768 Macedoniae

557 810 991 875 Occidentem
1033 832 1268 874 versus
1308 808 1515 875 fuisse
1540 809 1612 897 1).

642 915 853 980 Aliud
900 917 1229 1004 oppidum
1285 917 1468 981 haud
1515 917 1795 982 minoris
1840 918 2164 983 momenti
2225 919 2299 982 in
2343 918 2448 983 his
2493 918 2880 1004 regionibus

557 1030 658 1087 est
701 1023 1089 1108 Antigonea
1136 1024 1220 1087 ad
1269 1024 1494 1088 Aoum
1537 1023 1811 1109 flumen,
1850 1031 1929 1089 ut
1973 1046 2221 1090 nomen
2256 1025 2516 1089 indicat
2554 1024 2638 1090 ab
2683 1023 2882 1089 Anti-

555 1152 734 1216 gono
802 1128 1073 1195 Gronata
1130 1131 1404 1196 condita
1445 1130 1520 1215 2),
1580 1137 1931 1216 tamquam
1996 1130 2576 1218 propugnaculum
2649 1138 2884 1197 contra

553 1237 890 1324 Epirotae,
957 1258 1037 1301 ea
1094 1237 1371 1322 regione
1460 1259 1595 1323 qua
1658 1236 1859 1303 vallis
1933 1237 2064 1303 Aoi
2123 1238 2420 1302 fluminis
2491 1237 2750 1302 aditum
2809 1238 2883 1301 in

554 1344 1023 1410 Macedoniam
1064 1345 1202 1409 dat.
1251 1344 1561 1430 Droysen
1603 1343 1645 1410 1.
1675 1344 1721 1409 l.
1769 1344 2145 1433 suspicatur
2190 1368 2301 1411 eas
2338 1346 2646 1432 regiones
2684 1344 2883 1410 Anti-

555 1472 732 1536 gono
782 1467 1127 1517 concessas
1174 1473 1316 1516 esse
1366 1452 1451 1516 ab
1498 1451 1888 1517 Alexandro
1938 1453 2242 1540 Epirota,
2310 1475 2483 1536 cum,
2524 1459 2885 1539 postquam

560 1581 599 1622 a
642 1558 988 1623 Demetrio
1056 1557 1385 1643 Antigoni
1447 1557 1658 1624 fratre
1722 1580 1931 1645 regno
1994 1582 2111 1624 suo
2157 1559 2391 1646 pulsus
2439 1565 2602 1642 erat,
2649 1564 2887 1647 postea

556 1665 983 1736 hortantibus
1028 1665 1329 1752 Epirotis
1373 1664 1446 1728 in
1492 1664 1672 1730 bona
1695 1670 1981 1753 paterna
2026 1667 2375 1731 restitutus
2399 1672 2502 1731 est
2542 1684 2625 1730 a0.
2651 1665 2783 1729 263
2812 1663 2887 1747 3).

555 1770 601 1837 J
607 1793 717 1836 am
778 1778 924 1836 tum
992 1771 1300 1857 regiones
1369 1772 1456 1837 ad
1505 1772 1730 1837 Aoum
1781 1772 2035 1838 flumen
2079 1773 2520 1839 Macedoniae
2566 1772 2889 1858 adjuncta

557 1880 691 1943 sint
759 1900 1027 1944 necesse
1098 1885 1216 1961 est,
1286 1879 1671 1965 Antigonus
1740 1882 1921 1946 enim
1984 1904 2108 1968 per
2176 1887 2391 1947 totam
2455 1881 2673 1946 vitam
2732 1901 2888 1945 cum

559 1986 968 2073 Olympiade
1012 2007 1218 2051 uxore
1264 1985 1656 2071 Alexandri,
1703 1995 1857 2076 post
1900 1994 2186 2054 mortem
2218 1990 2362 2074 ejus
2387 1987 2663 2053 summis
2686 1988 2888 2053 rebus

557 2091 905 2181 praefecta
931 2093 1001 2176 4),
1054 2093 1128 2157 in
1166 2114 1335 2181 pace
1382 2095 1694 2179 degebat.

645 2200 1030 2265 Demetrius
1094 2222 1429 2266 successor
1502 2202 1645 2287 ejus
1713 2203 2144 2269 matrimonio
2206 2203 2376 2268 inito
2438 2226 2589 2268 cum
2636 2201 2890 2267 Phthia

556 2306 701 2371 filia
761 2305 1205 2394 Olympiadis,
1275 2307 1622 2373 involutus
1692 2316 1791 2374 est
1850 2309 1923 2374 in
1997 2309 2246 2375 bellum
2314 2331 2469 2374 cum
2528 2308 2888 2392 DardaniS,

556 2436 777 2500 neque
824 2413 1186 2499 quicquam
1233 2416 1567 2481 commodi
1613 2416 1742 2480 sibi
1787 2439 2028 2504 parare
2072 2418 2296 2504 potuit
2338 2417 2412 2481 in
2456 2417 2687 2504 Epiro,
2736 2437 2891 2480 cum

557 2521 746 2607 regia
814 2520 1077 2586 familia
1141 2520 1283 2586 illic
1330 2521 1870 2608 exstingueretur
1906 2524 2324 2605 (239—235).
2414 2522 2618 2587 Patet
2662 2529 2890 2587 autem

562 2649 739 2695 anno
804 2628 932 2693 231
1005 2624 1464 2715 Antigoneam
1532 2650 1688 2695 cum
1747 2629 1969 2716 Elyrii
2012 2630 2299 2719 Epirum
2344 2630 2749 2697 invaderent
2818 2630 2893 2694 in

559 2735 1010 2800 Macedonum
1053 2742 1388 2822 potestate
1434 2736 1640 2802 fuisse
1663 2734 1747 2821 5);
1820 2738 2289 2803 verosimiliter
2354 2738 2564 2823 igitur
2628 2747 2712 2802 a0.
2760 2737 2892 2802 263

560 2864 714 2907 cum
781 2841 1172 2906 Alexander
1249 2843 1323 2906 in
1388 2865 1678 2930 regnum
1743 2850 2104 2932 paternum
2169 2844 2655 2928 restitueretur,
2726 2845 2895 2910 haec

559 2950 745 3034 regio
794 2948 1231 3013 Macedoniae
1276 2951 1553 3036 tradita,
1596 2958 1664 3017 et
1709 2953 2099 3039 Antigonea
2137 2951 2412 3017 condita
2438 2958 2555 3034 est,
2604 2973 2896 3037 cumque

527 3055 951 3141 ·Antigonea
1060 3055 1366 3140 regiones
1477 3059 1673 3147 Epiri
1773 3059 2332 3147 septentrionales
2415 3058 2896 3125 Macedonicae

563 3162 785 3228 factae
831 3168 1006 3226 sunt.
1070 3161 1175 3226 De
1220 3163 1615 3252 Tymphaea
1657 3166 1831 3232 nihil
1872 3166 2198 3231 traditum
2246 3172 2364 3250 est,
2412 3187 2632 3251 neque
2678 3167 2896 3250 magis

565 3270 649 3335 de
694 3269 998 3334 terminis
1047 3291 1087 3334 a
1129 3276 1323 3355 parte
1370 3272 1775 3357 Thessaliae,
1823 3274 1941 3359 qui
1984 3280 2215 3338 tamen
2253 3274 2397 3338 sine
2443 3272 2650 3338 dubio
2686 3273 2899 3338 iidem

562 3381 974 3442 manserunt.

655 3635 849 3715 Quod
898 3640 1142 3705 attinet
1210 3641 1296 3706 ad
1360 3643 1828 3707 auctoritatem
1883 3620 2214 3727 Antigoni
2262 3641 2336 3706 in
2382 3640 2686 3722 Graecia,
2736 3662 2899 3707 nam

568 3743 653 3808 de
696 3744 907 3830 regno
952 3746 1065 3810 vel
1105 3745 1192 3810 de
1237 3747 1519 3835 imperio
1564 3769 1704 3813 non
1743 3747 2031 3838 amplius
2076 3747 2264 3834 loqui
2302 3747 2482 3831 licet,
2522 3748 2690 3812 haec
2734 3748 2901 3813 satis

621 4019 668 4088 1)
705 4020 787 4074 De
841 4022 951 4076 situ
988 4023 1327 4093 Antipatriae
1381 4025 1446 4077 cf.
1483 4025 1665 4079 Leake
1703 4025 1929 4080 Travels
1964 4027 2020 4080 in
2054 4027 2336 4081 Northern
2374 4027 2579 4082 Greece
2617 4029 2664 4107 1.
2701 4046 2754 4097 p.
2794 4029 2900 4082 361

572 4113 628 4164 et
663 4111 937 4165 Demitsas
973 4113 1029 4168 2,
1065 4112 1186 4165 724.

621 4200 670 4264 2)
706 4199 904 4269 Droys‚
941 4201 990 4254 3.
1029 4202 1078 4255 1.
1119 4201 1239 4256 248.

620 4285 666 4355 3)
701 4289 883 4342 Leake
920 4290 968 4343 1.
1009 4289 1078 4343 70
1116 4292 1171 4343 et
1208 4289 1312 4343 384
1356 4308 1472 4358 sqq.
1511 4292 1789 4346 Demitsas
1825 4294 1874 4347 2.
1910 4293 2030 4348 805.

621 4374 670 4441 4)
706 4377 903 4448 Droys.
942 4379 991 4431 3.
1031 4379 1077 4433 1.
1116 4378 1236 4432 325.

622 4464 669 4537 5)
706 4467 896 4536 Polyb.
935 4468 982 4521 2.
1021 4467 1070 4521 5.
1110 4469 1160 4521 6.
1203 4468 1400 4540 Droys.
1439 4469 1489 4524 3.
1529 4471 1578 4524 2.
1616 4470 1702 4523 45.
