3338 5350
1554 520 1640 614 91

430 750 858 832 satraparum
923 749 1332 832 potestatem
1395 744 1733 832 pervenit.
1825 744 2032 810 Nullo
2102 744 2235 811 alio
2303 745 2450 812 loco
2514 747 2644 811 nisi
2692 746 2765 810 in

430 851 684 916 Taxilis
731 851 910 936 regis
954 850 1202 916 finibus
1247 851 1321 917 in
1368 850 1569 916 India
1615 850 1980 939 Superiore
2004 858 2192 918 trans
2216 853 2468 918 Indum
2491 853 2762 934 flumen,

432 959 637 1024 etiam
682 963 839 1046 post
884 979 1139 1023 annum
1183 958 1313 1022 323
1361 957 1755 1045 episcopum
1800 957 2033 1047 (supra
2076 981 2143 1046 p.
2171 959 2302 1042 67),
2358 960 2768 1043 invenimuS,

431 1067 550 1153 qui
594 1066 741 1151 regi
787 1064 1009 1130 Taxili
1056 1062 1414 1150 adjunctus
1461 1063 1613 1148 fuit,
1661 1087 1910 1153 nempe
1952 1066 2356 1132 Eudemum.
2451 1067 2766 1133 Ceterum

426 1172 713 1261 posthac
759 1171 1011 1257 singuli
1056 1177 1368 1259 satrapae
1436 1171 1568 1258 ipsi
1634 1192 1788 1239 suos
1855 1172 2187 1237 exercitus
2251 1172 2545 1256 alebant,
2594 1180 2768 1240 tam-

428 1301 639 1364 quam
703 1300 897 1364 reges
962 1278 1036 1343 in
1102 1278 1329 1364 regnis
1390 1276 1547 1359 suis,
1615 1298 1977 1365 rerumque
2043 1281 2400 1367 scriptores
2467 1303 2609 1345 rem
2671 1281 2769 1346 ita

425 1391 744 1469 tractant,
788 1384 981 1471 quasi
1025 1405 1130 1450 res
1175 1385 1276 1451 ita
1316 1383 1592 1469 ferrent,
1640 1392 1712 1451 et
1757 1388 1950 1472 quasi
1995 1409 2369 1474 numquam
2408 1386 2542 1452 alio
2566 1388 2766 1453 modo

426 1515 573 1558 sese
618 1492 1016 1587 habuissent
1037 1491 1103 1575 1).
1155 1492 1292 1559 Sed
1338 1515 1579 1559 verum
1622 1499 1727 1559 est
1769 1492 1853 1557 iis
1905 1515 2043 1559 non
2089 1493 2494 1580 permissum
2537 1492 2765 1577 fuisse,

429 1599 757 1669 militibus
805 1600 941 1665 suis
986 1600 1090 1665 uti
1136 1622 1559 1688 quocumque
1606 1601 1808 1666 modo
1858 1600 1987 1666 sibi
2032 1600 2310 1689 placuit.

519 1707 623 1772 De
669 1728 841 1794 pace
886 1713 954 1772 et
997 1706 1177 1773 bello
1250 1708 1537 1795 satrapis
1606 1707 1910 1773 nondum
1956 1707 2316 1773 decernere
2360 1707 2571 1773 licuit.
2664 1708 2768 1773 De

425 1814 640 1902 copiis
687 1813 1091 1879 adhibendis
1137 1814 1283 1880 sive
1326 1834 1464 1880 non
1512 1813 1936 1897 adhibendis,
1976 1812 2167 1900 jussa
2211 1815 2456 1879 summi
2501 1815 2770 1902 imperii

425 1922 952 2007 magistratuum
1022 1921 1447 2010 expectanda
1514 1926 1730 1986 erant.
1822 1919 2145 2008 Satrapes
2214 1921 2552 2008 obligatus
2612 1921 2766 2005 fuit,

422 2028 550 2094 tali
589 2029 786 2114 jussu
830 2028 1057 2117 copias
1104 2051 1257 2094 suas
1304 2027 1629 2094 militares
1675 2027 1841 2113 regi,
1889 2028 2035 2093 sive
2060 2027 2262 2093 alicui
2285 2028 2444 2094 duci
2464 2027 2768 2111 militari,

425 2136 717 2201 utendas
766 2137 965 2219 dare3
1035 2135 1141 2200 sin
1212 2144 1440 2201 autem
1507 2135 1885 2218 recusabat,
1952 2134 2138 2199 haud
2185 2156 2374 2200 secus
2421 2157 2499 2200 ac
2543 2136 2601 2199 si
2647 2157 2766 2200 suo

425 2248 643 2308 marte
712 2241 970 2307 bellum
1036 2241 1336 2327 gerebat,
1405 2241 1892 2330 perduellionis
1962 2247 2030 2306 et
2073 2241 2459 2307 rebellionis
2528 2242 2768 2307 noxius

425 2350 501 2414 in
561 2349 675 2435 jus
739 2350 1084 2416 vocandus
1153 2355 1316 2415 erat.
1410 2349 1581 2415 Cum
1647 2349 2037 2436 Antigonus
2106 2356 2408 2437 satrapes
2475 2349 2770 2435 Magnae

429 2456 774 2542 Phrygiae
868 2478 1046 2521 anno
1114 2456 1244 2521 322
1312 2462 1653 2525 recusaret
1722 2456 2082 2543 quominus
2151 2455 2515 2520 Perdiccae
2575 2453 2769 2540 jussu

425 2564 721 2628 Eumeni
788 2562 1239 2651 opitularetur
1305 2563 1393 2628 ad
1464 2563 1971 2651 Cappadociam
2038 2562 2523 2649 occupandam,
2594 2561 2770 2627 hanc

428 2671 515 2738 ob
562 2693 839 2737 causam
907 2671 993 2737 ad
1061 2693 1289 2758 regem
1359 2678 1661 2755 vocatus,
1730 2669 2215 2759 provinciaque
2283 2693 2406 2736 sua
2468 2668 2768 2756 dejectus

426 2779 631 2864 est²);
683 2779 922 2844 eodem
966 2779 1169 2845 modo
1218 2802 1395 2845 anno
1442 2780 1573 2844 319
1620 2779 2038 2844 Arrhidaeus
2084 2786 2389 2867 satrapes
2427 2778 2771 2864 Phrygiae

426 2885 709 2951 Minoris
780 2885 865 2951 ab
935 2886 1175 2952 eodem
1234 2885 1586 2971 Antigono
1648 2891 1969 2951 evocatus
2017 2891 2136 2969 est,
2183 2892 2263 2951 ut
2307 2907 2376 2951 se
2421 2890 2767 2973 purgaret,

430 3000 497 3061 et
541 2993 896 3083 provincia
939 3016 1062 3059 sua
1106 2993 1431 3082 spoliatus
1478 3000 1599 3076 est,
1626 2992 1807 3080 quod
1833 2991 2088 3057 bellum
2113 2993 2513 3080 suscepisset
2535 2999 2771 3057 contra

426 3101 712 3168 liberam
780 3100 1019 3165 urbem
1064 3100 1415 3184 Graecam,
1484 3121 1732 3188 nempe
1801 3099 2125 3186 Cyzicum
2150 3098 2220 3182 3).
2316 3098 2452 3165 Sed
2497 3099 2771 3164 tametsi

426 3209 555 3274 hoc
613 3207 727 3294 jus
794 3207 942 3289 fuit,
1012 3229 1119 3273 res
1187 3214 1422 3293 gestae
1491 3229 1695 3295 saepe
1752 3228 2025 3294 prorsus
2073 3207 2159 3273 ab
2205 3229 2285 3273 eo
2330 3212 2768 3289 recesserunt,

426 3317 627 3382 multi
694 3321 1026 3403 satrapae,
1098 3315 1216 3402 qui
1283 3315 1473 3380 nullo
1554 3315 1795 3379 timore
1885 3314 2203 3403 supplicii
2274 3313 2767 3396 cohiberentur,

425 3423 636 3510 copiis
683 3422 819 3488 suis
867 3444 989 3488 suo
1036 3423 1315 3488 arbitrio
1360 3423 1467 3487 usi
1514 3427 1691 3487 sunt.
1786 3422 2074 3510 Insuper
2106 3423 2293 3488 ratio
2338 3423 2516 3488 inter
2561 3428 2768 3487 satra·

423 3553 547 3618 pas
616 3536 687 3595 et
754 3551 1090 3595 summum
1159 3529 1523 3618 imperium
1554 3552 1842 3617 prorsus
1888 3536 2153 3595 mutata
2198 3536 2364 3595 erat.
2457 3528 2768 3594 Haesita-

426 3636 595 3702 bant
665 3658 745 3701 ea
788 3637 1179 3724 praecipere
1231 3658 1406 3723 quae
1452 3636 1866 3722 extorqueri,
1929 3644 2183 3720 vetare,
2233 3657 2406 3722 quae
2451 3635 2771 3723 impediri

425 3764 564 3809 non
609 3749 998 3831 potuerunt.

515 3850 620 3916 De
665 3871 947 3915 numero
996 3871 1266 3937 quoque
1310 3848 1628 3934 militum,
1677 3872 1844 3937 quos
1893 3850 2177 3936 quisque
2223 3855 2527 3936 satrapes
2561 3847 2773 3913 aleret

424 3958 748 4043 oportuit,
818 3957 1141 4022 nimirum
1207 3963 1574 4046 praecepta
1642 3958 1806 4022 data
1897 3963 2110 4023 erant.
2226 3956 2363 4021 Sed
2433 3955 2765 4043 imprimis

422 4062 625 4148 hujus
691 4064 791 4128 rei
859 4064 1166 4129 custodia
1232 4062 1641 4129 difficillima
1713 4071 1857 4130 erat
1929 4086 2081 4130 eam
2127 4063 2213 4129 ob
2260 4084 2535 4128 causam
2583 4063 2766 4149 quod

477 4337 527 4404 ⁴¹)
563 4356 613 4393 v.
651 4356 696 4393 c.
740 4339 895 4395 Diod.
939 4340 1021 4394 19.
1063 4340 1146 4394 14.
1185 4340 1341 4394 5—8.

479 4427 525 4493 2)
563 4428 709 4482 Plut.
753 4429 912 4482 Eum.
952 4429 1001 4483 3.
1040 4429 1195 4484 Diod.
1242 4430 1325 4483 18.
1364 4430 1448 4483 23.
1491 4429 1538 4482 4.

484 4515 532 4580 3)
570 4517 729 4573 Diod.
772 4517 854 4571 18.
895 4517 979 4571 52.
1008 4517 1058 4571 3.
