3338 5350
1690 509 1818 574 106

584 712 810 771 autem
878 727 1034 770 cum
1100 705 1443 771 Pausania
1464 706 1535 791 1).
1608 705 1851 791 Neque
1928 705 2146 790 magis
2215 725 2340 789 ego
2408 724 2554 768 rem
2601 703 2921 768 dirimere

582 814 820 897 ausim,
888 819 1116 878 tamen
1182 814 1312 878 hoc
1363 818 1857 899 argumentum
1925 812 2230 900 opinioni
2289 811 2373 876 vi.
2439 811 2523 876 di.
2595 809 2921 877 Schaefer

581 919 794 1003 favet,
865 920 1044 1006 quod
1112 919 1304 985 nulla
1371 942 1574 985 causa
1640 919 1776 985 fuit
1842 941 1963 985 cur
2007 921 2471 1010 MegalopoHS,
2538 943 2716 1007 quae
2756 918 2919 984 urbs

582 1028 817 1114 quieta
860 1028 1111 1092 mansit
1132 1027 1551 1116 temporibus
1575 1026 2193 1116 PolysperchontiS,
2219 1049 2404 1094 nunc
2426 1050 2568 1094 sese
2592 1032 2916 1110 moveret,

585 1157 626 1199 a
671 1134 1072 1200 Macedonia
1116 1134 1453 1200 deficeret.

669 1241 1196 1308 Lacedaemonii
1262 1247 1518 1324 contra,
1588 1241 1867 1324 Achaei,
1939 1242 2276 1308 Corinthii
2345 1250 2411 1308 et
2486 1242 2920 1329 Megarenses

582 1370 726 1415 sese
771 1347 1031 1414 foederi
1076 1370 1216 1414 non
1260 1348 1650 1434 adjunxere,
1697 1348 1832 1414 huc
1877 1349 2052 1414 adde
2113 1349 2594 1438 Megalopolin,
2658 1355 2728 1414 et
2769 1355 2923 1414 tuto

579 1455 923 1544 perhiberi
988 1461 1216 1544 potest
1299 1456 1600 1521 studium
1689 1455 2024 1521 libertatis
2106 1457 2181 1521 in
2247 1456 2715 1542 Peloponneso
2780 1477 2921 1521 non

582 1569 850 1628 tantum
896 1561 1125 1646 fuisse,
1174 1569 1507 1650 quantum
1551 1564 1897 1651 expectari
1942 1564 2184 1653 potuit.

672 1669 811 1735 Sed
856 1670 1020 1735 dum
1065 1676 1364 1737 oratores
1409 1669 1625 1736 Attici
1671 1692 1942 1736 omnem
1988 1693 2265 1760 operam
2301 1672 2558 1737 dabant
2603 1677 2681 1736 ut
2725 1669 2921 1734 Pelo-

580 1799 962 1866 ponnesum
1028 1778 1337 1844 societati
1406 1801 1566 1844 suae
1627 1778 1738 1866 adj
1746 1786 2098 1866 ungerent,
2148 1780 2312 1844 dum
2355 1801 2595 1845 revera
2638 1780 2923 1844 societas

581 1884 937 1952 Hellenica
982 1887 1326 1952 crescebat
1370 1887 1445 1951 in
1488 1886 1981 1974 PeloponnesO,
2029 1887 2102 1951 in
2147 1887 2312 1975 ipsis
2336 1886 2500 1952 locis
2525 1886 2643 1951 ubi
2665 1884 2923 1952 bellum

580 1991 964 2077 gerebatur,
1033 1990 1273 2058 foedus
1337 1994 1484 2080 jam
1552 1994 1625 2058 in
1696 2015 1773 2059 eo
1844 2000 1988 2058 erat
2054 2000 2130 2059 ut
2200 1993 2633 2076 dilaberetur,
2680 1991 2925 2058 saltem

583 2098 1071 2165 debilitaretur.
1162 2099 1391 2165 Aetoli
1439 2101 1617 2166 enim
1666 2101 1981 2189 auspiciis
2026 2100 2428 2166 Leosthenis
2474 2101 2563 2165 ad
2607 2099 2925 2164 Lamiam

582 2211 858 2289 stanteS,
927 2208 1224 2273 universi
1315 2214 1641 2273 autumno
1731 2215 2037 2297 tempore
2128 2209 2405 2273 domum
2473 2212 2923 2286 reverterunt,

584 2333 1078 2401 quamcumque
1147 2313 1233 2380 ob
1303 2336 1578 2380 causam
1623 2316 1700 2399 2),
1794 2322 2039 2402 quarta
2083 2337 2241 2404 pars
2287 2315 2619 2380 exercitus
2663 2314 2794 2378 hac
2847 2335 2926 2378 re

583 2419 920 2485 obsidioni
981 2420 1288 2486 detracta
1354 2428 1473 2487 est.
1566 2422 1776 2487 Aliud
1842 2428 1909 2486 et
1969 2444 2132 2488 sane
2177 2421 2551 2487 maximum
2597 2421 2927 2486 damnum

583 2524 720 2591 fuit
784 2549 963 2594 mors
1001 2528 1425 2613 Leosthenis,
1474 2551 1650 2616 quae
1699 2530 1893 2595 sociis
1943 2535 2303 2617 tantopere
2348 2527 2590 2613 obfuit,
2640 2534 2719 2593 ut
2762 2527 2928 2591 inde

584 2632 671 2699 ab
732 2634 861 2701 hoc
927 2641 1232 2725 tempore
1292 2635 1570 2703 fortuna
1631 2636 2001 2726 Antipatro
2048 2635 2301 2703 favisse
2346 2657 2484 2702 non
2524 2634 2743 2701 solum
2789 2634 2930 2700 dici

581 2743 814 2828 possit,
884 2743 1004 2808 sed
1066 2745 1271 2810 etiam
1343 2746 1627 2811 societas
1674 2744 2032 2811 Hellenica
2078 2743 2292 2810 dilabi
2337 2742 2651 2831 coeperit.
2745 2743 2929 2809 Nam

583 2847 709 2913 sub
756 2871 1130 2916 successore
1175 2850 1574 2917 Leosthenis
1619 2851 2000 2939 Antiphi10‚
2073 2852 2218 2917 sive
2277 2852 2461 2938 quod
2505 2850 2617 2916 hic
2660 2852 2929 2915 muneri

584 2977 705 3020 suo
772 2956 996 3045 impar
1063 2964 1227 3042 erat,
1298 2959 1443 3024 sive
1511 2960 1676 3046 quia
1734 2981 1841 3025 res
1886 2958 2390 3026 foederatorum
2438 2959 2685 3024 sensim
2731 2957 2928 3047 paul-

581 3062 913 3150 latimque
958 3064 1509 3150 debilitabantur,
1551 3064 1828 3132 fortuna
1866 3067 2161 3132 secunda
2206 3088 2278 3131 se
2323 3089 2364 3131 a
2410 3066 2684 3132 Graecis
2734 3087 2928 3131 aver-

582 3171 689 3237 tit.
780 3170 939 3236 Non
985 3171 1202 3237 solum
1249 3174 1431 3238 enim
1477 3172 1705 3239 Aetoli
1753 3173 2031 3238 domum
2070 3173 2320 3257 abiere,
2367 3194 2588 3259 11611116
2635 3178 2931 3237 reverte-

583 3283 764 3362 runt,
836 3278 948 3343 alii
1017 3280 1177 3345 socii
1250 3302 1519 3367 quoque
1589 3280 1814 3345 hieme
1882 3287 2104 3346 castra
2170 3281 2596 3367 reliquerunt
2632 3277 2704 3363 ³),
2773 3301 2933 3344 cum

584 3391 820 3450 contra
908 3388 1086 3453 vires
1170 3387 1618 3453 Macedonum
1717 3395 2111 3471 crescerent,
2203 3387 2500 3476 primum
2588 3385 2935 3452 Leonnati

585 3492 904 3577 adventu,
978 3495 1096 3581 qui
1164 3500 1398 3560 tamen
1465 3516 1625 3561 mox
1693 3497 1836 3561 acie
1898 3517 2131 3561 caesus
2179 3501 2302 3579 est,
2350 3493 2599 3560 deinde
2645 3492 2932 3577 Crateri,

585 3599 703 3685 qui
748 3622 905 3666 cum
950 3623 1204 3687 magna
1247 3603 1320 3666 vi
1368 3601 1663 3667 militum
1731 3624 1873 3667 sese
1936 3600 2291 3687 conjunxit
2336 3622 2492 3666 cum
2538 3599 2927 3689 Antipatro.

634 3924 683 3987 1)
721 3925 787 3978 cf.
826 3925 971 3978 Plut.
1011 3926 1113 3980 Vit.
1156 3925 1209 3976 X
1247 3924 1399 3979 Orat.
1441 3943 1492 3995 p.
1532 3924 1636 3978 846
1675 3927 1912 3974 συνειπεῖν
1956 3922 2144 3974 ’ἔπεισεν
2185 3923 2498 3986 Δημοσθένης
2546 3926 2662 3981 ’Μῦς
2681 3924 2931 3987 Ἀρκάδας

583 4017 779 4067 contra
832 4014 995 4067 Pausi.
1059 4013 1109 4067 8.
1167 4014 1217 4067 6.
1277 4015 1310 4066 2
1368 4017 1424 4068 et
1475 4014 1526 4068 8.
1585 4016 1668 4068 27.
1728 4014 1811 4068 10.
1870 4014 2066 4085 Droys.
2125 4016 2174 4068 2.
2214 4015 2262 4068 1.
2300 4014 2371 4068 55
2407 4031 2532 4068 ann.
2572 4015 2621 4068 2.
2662 4014 2928 4070 Schaefer

585 4102 869 4156 Demosth.
908 4102 959 4155 3.
998 4102 1120 4156 369.

636 4191 684 4254 2)
725 4190 884 4246 Diod.
925 4191 1009 4245 18.
1049 4192 1133 4245 13.
1171 4193 1221 4246 4.
1263 4191 1480 4242 Αἰτωλοὶ
1499 4228 1512 4242 .
1536 4230 1547 4241 .
1574 4232 1585 4243 .
1604 4191 1689 4242 διά
1725 4210 1865 4250 τινας
1897 4189 2089 4250 ἐθνικὰς
2126 4194 2298 4257 χρείας
2332 4194 2470 4242 κατὰ
2502 4194 2563 4242 τὸ
2594 4194 2743 4255 παρὸν
2772 4191 2937 4242 ἀπελ-

583 4283 686 4331 θεῖν
722 4277 801 4329 ἐπ’
836 4280 985 4330 σ’ίκου.
1025 4281 1091 4334 cf.
1130 4280 1327 4353 Droys.
1367 4283 1416 4335 2.
1459 4282 1505 4335 1.
1545 4282 1630 4336 58.
1672 4283 1935 4337 Schaefer
1970 4283 2126 4337 Dem.
2165 4283 2216 4336 3.
2253 4283 2359 4336 373
2395 4300 2521 4337 ann.
2561 4284 2608 4336 1.

637 4369 686 4435 3)
723 4370 882 4424 Diod.
936 4369 1020 4423 18.
1073 4370 1156 4423 15.
1222 4370 1283 4436 2;
1335 4370 1417 4424 18.
1462 4372 1544 4424 17.
1585 4373 1634 4425 1.
1673 4372 1823 4426 Suid.
1864 4390 1913 4426 v.
1953 4372 2280 4433 Ἀντίπατρος
2319 4373 2377 4426 1;
2417 4370 2843 4434 ἀναχωρησάντων
2884 4370 2940 4422 δὲ

585 4465 681 4512 τῶν
728 4458 960 4509 Αἰτωλῶν
996 4455 1109 4508 εἶτα
1146 4464 1242 4509 τῶν
1281 4457 1446 4508 ἄλλων
1483 4456 1658 4516 ἕσωθη,
