<?xml version="1.0" encoding="UTF-8"?>
<!DOCTYPE html PUBLIC "-//W3C//DTD XHTML 1.0 Transitional//EN"
    "http://www.w3.org/TR/xhtml1/DTD/xhtml1-transitional.dtd">
<html xmlns="http://www.w3.org/1999/xhtml" xml:lang="en" lang="en">
 <head>
  <title>
</title>
<meta http-equiv="Content-Type" content="text/html;charset=utf-8" />
  <meta name='ocr-system' content='tesseract 3.04.00' />
  <meta name='ocr-capabilities' content='ocr_page ocr_carea ocr_par ocr_line ocrx_word'/>
</head>
<body>
  <div class='ocr_page' id='page_1' title='image "./definibusregnim01breegoog_0134.png"; bbox 0 0 3338 5350; ppageno 0'>
   <div class='ocr_carea' id='block_1_1' title="bbox 1706 507 1797 572">
    <p class='ocr_par' dir='ltr' id='par_1_1' title="bbox 1706 507 1797 572">
     <span class='ocr_line' id='line_1_1' title="bbox 1706 507 1797 572; baseline 0 0"><span class='ocrx_word' id='word_1_1' title='bbox 1706 507 1797 572; x_wconf 86' lang='lat'>84</span> 
     </span>
    </p>
   </div>
   <div class='ocr_carea' id='block_1_2' title="bbox 577 701 2922 4110">
    <p class='ocr_par' dir='ltr' id='par_1_2' title="bbox 579 701 2922 2286">
     <span class='ocr_line' id='line_1_2' title="bbox 581 701 2920 791; baseline 0.003 -26"><span class='ocrx_word' id='word_1_2' title='bbox 581 701 820 767; x_wconf 86' lang='lat' dir='ltr'>favore</span> <span class='ocrx_word' id='word_1_3' title='bbox 865 702 1196 767; x_wconf 88' lang='lat' dir='ltr'>exercitus</span> <span class='ocrx_word' id='word_1_4' title='bbox 1241 702 1589 768; x_wconf 74' lang='lat' dir='ltr'><strong>niteretur.</strong></span> <span class='ocrx_word' id='word_1_5' title='bbox 1680 704 1979 768; x_wconf 79' lang='lat' dir='ltr'><strong>Maxime</strong></span> <span class='ocrx_word' id='word_1_6' title='bbox 2046 705 2231 769; x_wconf 91' lang='lat' dir='ltr'>enim</span> <span class='ocrx_word' id='word_1_7' title='bbox 2292 704 2479 791; x_wconf 84' lang='lat' dir='ltr'>leges</span> <span class='ocrx_word' id='word_1_8' title='bbox 2546 705 2787 771; x_wconf 80' lang='lat' dir='ltr'>violari</span> <span class='ocrx_word' id='word_1_9' title='bbox 2855 709 2920 771; x_wconf 90' lang='lat' dir='ltr'>ei</span> 
     </span>
     <span class='ocr_line' id='line_1_3' title="bbox 581 807 2920 898; baseline 0.001 -23"><span class='ocrx_word' id='word_1_10' title='bbox 581 812 770 875; x_wconf 82' lang='lat' dir='ltr'>visae</span> <span class='ocrx_word' id='word_1_11' title='bbox 813 816 991 891; x_wconf 90' lang='lat' dir='ltr'>sunt,</span> <span class='ocrx_word' id='word_1_12' title='bbox 1038 810 1094 873; x_wconf 92' lang='lat' dir='ltr'>si</span> <span class='ocrx_word' id='word_1_13' title='bbox 1158 808 1360 896; x_wconf 78' lang='lat' dir='ltr'>stirps</span> <span class='ocrx_word' id='word_1_14' title='bbox 1397 807 1629 892; x_wconf 89' lang='lat' dir='ltr'>junior</span> <span class='ocrx_word' id='word_1_15' title='bbox 1669 818 2008 895; x_wconf 81' lang='lat' dir='ltr'>regnaret,</span> <span class='ocrx_word' id='word_1_16' title='bbox 2076 833 2226 875; x_wconf 92' lang='lat' dir='ltr'>cum</span> <span class='ocrx_word' id='word_1_17' title='bbox 2292 812 2485 876; x_wconf 87' lang='lat' dir='ltr'>heres</span> <span class='ocrx_word' id='word_1_18' title='bbox 2550 812 2920 898; x_wconf 86' lang='lat' dir='ltr'>legitimus,</span> 
     </span>
     <span class='ocr_line' id='line_1_4' title="bbox 581 915 2920 1003; baseline 0.001 -22"><span class='ocrx_word' id='word_1_19' title='bbox 581 916 772 1001; x_wconf 88' lang='lat' dir='ltr'>cujus</span> <span class='ocrx_word' id='word_1_20' title='bbox 810 916 961 1002; x_wconf 90' lang='lat' dir='ltr'>ipsa</span> <span class='ocrx_word' id='word_1_21' title='bbox 1006 917 1216 980; x_wconf 89' lang='lat' dir='ltr'>tutrix</span> <span class='ocrx_word' id='word_1_22' title='bbox 1260 915 1566 1001; x_wconf 88' lang='lat' dir='ltr'>legitima</span> <span class='ocrx_word' id='word_1_23' title='bbox 1605 924 1801 999; x_wconf 88' lang='lat' dir='ltr'>esset,</span> <span class='ocrx_word' id='word_1_24' title='bbox 1844 926 2116 1003; x_wconf 88' lang='lat' dir='ltr'>praesto</span> <span class='ocrx_word' id='word_1_25' title='bbox 2164 926 2371 1001; x_wconf 71' lang='lat' dir='ltr'>oeset,</span> <span class='ocrx_word' id='word_1_26' title='bbox 2356 943 2370 956; x_wconf 95' lang='lat'><strong>·</strong></span> <span class='ocrx_word' id='word_1_27' title='bbox 2418 919 2595 983; x_wconf 88' lang='lat' dir='ltr'>hanc</span> <span class='ocrx_word' id='word_1_28' title='bbox 2639 919 2725 984; x_wconf 92' lang='lat' dir='ltr'>ob</span> <span class='ocrx_word' id='word_1_29' title='bbox 2769 943 2920 984; x_wconf 92' lang='lat' dir='ltr'>rem</span> 
     </span>
     <span class='ocr_line' id='line_1_5' title="bbox 580 1024 2920 1110; baseline 0.001 -22"><span class='ocrx_word' id='word_1_30' title='bbox 580 1024 988 1109; x_wconf 78' lang='lat' dir='ltr'>Eurydicen,</span> <span class='ocrx_word' id='word_1_31' title='bbox 1060 1045 1234 1109; x_wconf 96' lang='grc'><strong>(11188</strong></span> <span class='ocrx_word' id='word_1_32' title='bbox 1299 1030 1650 1109; x_wconf 79' lang='lat' dir='ltr'><strong>tamquam</strong></span> <span class='ocrx_word' id='word_1_33' title='bbox 1717 1025 1955 1108; x_wconf 88' lang='lat' dir='ltr'>regina</span> <span class='ocrx_word' id='word_1_34' title='bbox 2022 1047 2316 1110; x_wconf 87' lang='lat' dir='ltr'>regnans</span> <span class='ocrx_word' id='word_1_35' title='bbox 2384 1026 2546 1091; x_wconf 90' lang='lat' dir='ltr'>inde</span> <span class='ocrx_word' id='word_1_36' title='bbox 2609 1026 2696 1090; x_wconf 93' lang='lat' dir='ltr'>ab</span> <span class='ocrx_word' id='word_1_37' title='bbox 2735 1048 2920 1092; x_wconf 87' lang='lat' dir='ltr'>anno</span> 
     </span>
     <span class='ocr_line' id='line_1_6' title="bbox 583 1129 2921 1221; baseline 0.002 -27"><span class='ocrx_word' id='word_1_38' title='bbox 583 1131 712 1194; x_wconf 76' lang='lat'>321</span> <span class='ocrx_word' id='word_1_39' title='bbox 761 1152 974 1216; x_wconf 90' lang='lat' dir='ltr'>usque</span> <span class='ocrx_word' id='word_1_40' title='bbox 1021 1130 1110 1194; x_wconf 92' lang='lat' dir='ltr'>ad</span> <span class='ocrx_word' id='word_1_41' title='bbox 1152 1129 1285 1194; x_wconf 86' lang='lat'>318</span> <span class='ocrx_word' id='word_1_42' title='bbox 1328 1130 1559 1195; x_wconf 88' lang='lat' dir='ltr'>Pellae</span> <span class='ocrx_word' id='word_1_43' title='bbox 1625 1132 1845 1195; x_wconf 82' lang='lat' dir='ltr'>vitam</span> <span class='ocrx_word' id='word_1_44' title='bbox 1910 1131 2074 1217; x_wconf 86' lang='lat' dir='ltr'>egit,</span> <span class='ocrx_word' id='word_1_45' title='bbox 2120 1139 2314 1198; x_wconf 88' lang='lat' dir='ltr'>tanto</span> <span class='ocrx_word' id='word_1_46' title='bbox 2361 1134 2518 1199; x_wconf 92' lang='lat' dir='ltr'>odio</span> <span class='ocrx_word' id='word_1_47' title='bbox 2561 1140 2921 1221; x_wconf 87' lang='lat' dir='ltr'>persecuta</span> 
     </span>
     <span class='ocr_line' id='line_1_7' title="bbox 583 1237 2920 1324; baseline 0.001 -24"><span class='ocrx_word' id='word_1_48' title='bbox 583 1244 704 1320; x_wconf 82' lang='lat' dir='ltr'>cst,</span> <span class='ocrx_word' id='word_1_49' title='bbox 765 1237 1020 1324; x_wconf 93' lang='lat' dir='ltr'>quippe</span> <span class='ocrx_word' id='word_1_50' title='bbox 1065 1259 1241 1321; x_wconf 89' lang='lat' dir='ltr'>quae</span> <span class='ocrx_word' id='word_1_51' title='bbox 1285 1259 1408 1301; x_wconf 89' lang='lat' dir='ltr'>sua</span> <span class='ocrx_word' id='word_1_52' title='bbox 1451 1239 1600 1301; x_wconf 83' lang='lat' dir='ltr'>vice</span> <span class='ocrx_word' id='word_1_53' title='bbox 1657 1260 1766 1302; x_wconf 85' lang='lat' dir='ltr'>res</span> <span class='ocrx_word' id='word_1_54' title='bbox 1812 1239 2359 1321; x_wconf 80' lang='lat' dir='ltr'>administraret3</span> <span class='ocrx_word' id='word_1_55' title='bbox 2416 1240 2593 1304; x_wconf 90' lang='lat' dir='ltr'>hanc</span> <span class='ocrx_word' id='word_1_56' title='bbox 2637 1241 2723 1305; x_wconf 95' lang='lat' dir='ltr'>ob</span> <span class='ocrx_word' id='word_1_57' title='bbox 2768 1262 2920 1304; x_wconf 90' lang='lat' dir='ltr'>rem</span> 
     </span>
     <span class='ocr_line' id='line_1_8' title="bbox 580 1345 2920 1435; baseline 0.001 -27"><span class='ocrx_word' id='word_1_58' title='bbox 580 1345 884 1408; x_wconf 90' lang='lat' dir='ltr'>omnium</span> <span class='ocrx_word' id='word_1_59' title='bbox 926 1345 1223 1431; x_wconf 89' lang='lat' dir='ltr'>primum</span> <span class='ocrx_word' id='word_1_60' title='bbox 1267 1345 1339 1409; x_wconf 92' lang='lat' dir='ltr'>id</span> <span class='ocrx_word' id='word_1_61' title='bbox 1384 1347 1545 1431; x_wconf 89' lang='lat' dir='ltr'>egit,</span> <span class='ocrx_word' id='word_1_62' title='bbox 1608 1366 1764 1409; x_wconf 86' lang='lat' dir='ltr'>cum</span> <span class='ocrx_word' id='word_1_63' title='bbox 1806 1346 2084 1411; x_wconf 88' lang='lat' dir='ltr'>tandem</span> <span class='ocrx_word' id='word_1_64' title='bbox 2130 1369 2464 1411; x_wconf 90' lang='lat' dir='ltr'>summam</span> <span class='ocrx_word' id='word_1_65' title='bbox 2507 1354 2920 1435; x_wconf 86' lang='lat' dir='ltr'>potestatem</span> 
     </span>
     <span class='ocr_line' id='line_1_9' title="bbox 582 1451 2921 1540; baseline 0.002 -25"><span class='ocrx_word' id='word_1_66' title='bbox 582 1451 833 1539; x_wconf 87' lang='lat' dir='ltr'>adepta</span> <span class='ocrx_word' id='word_1_67' title='bbox 876 1460 996 1531; x_wconf 84' lang='lat' dir='ltr'>est,</span> <span class='ocrx_word' id='word_1_68' title='bbox 1037 1460 1114 1515; x_wconf 90' lang='lat' dir='ltr'>ut</span> <span class='ocrx_word' id='word_1_69' title='bbox 1158 1451 1226 1516; x_wconf 85' lang='grc'>81</span> <span class='ocrx_word' id='word_1_70' title='bbox 1271 1452 1658 1540; x_wconf 86' lang='lat' dir='ltr'>Philippum</span> <span class='ocrx_word' id='word_1_71' title='bbox 1706 1453 1775 1517; x_wconf 90' lang='lat' dir='ltr'>et</span> <span class='ocrx_word' id='word_1_72' title='bbox 1812 1453 2199 1538; x_wconf 79' lang='lat' dir='ltr'>Eurydicen</span> <span class='ocrx_word' id='word_1_73' title='bbox 2236 1454 2661 1519; x_wconf 86' lang='lat' dir='ltr'>interficeret.</span> <span class='ocrx_word' id='word_1_74' title='bbox 2749 1455 2801 1521; x_wconf 88' lang='lat' dir='ltr'>J</span> <span class='ocrx_word' id='word_1_75' title='bbox 2802 1476 2921 1519; x_wconf 90' lang='lat' dir='ltr'>am</span> 
     </span>
     <span class='ocr_line' id='line_1_10' title="bbox 581 1558 2918 1647; baseline 0.002 -25"><span class='ocrx_word' id='word_1_76' title='bbox 581 1565 784 1623; x_wconf 81' lang='lat' dir='ltr'>antea</span> <span class='ocrx_word' id='word_1_77' title='bbox 827 1558 896 1623; x_wconf 86' lang='lat' dir='ltr'>id</span> <span class='ocrx_word' id='word_1_78' title='bbox 945 1559 1214 1624; x_wconf 82' lang='lat' dir='ltr'>curavit</span> <span class='ocrx_word' id='word_1_79' title='bbox 1256 1566 1332 1623; x_wconf 93' lang='grc'>111</span> <span class='ocrx_word' id='word_1_80' title='bbox 1379 1558 1607 1624; x_wconf 85' lang='lat' dir='ltr'>infans</span> <span class='ocrx_word' id='word_1_81' title='bbox 1649 1561 2041 1625; x_wconf 82' lang='lat' dir='ltr'>Alexander</span> <span class='ocrx_word' id='word_1_82' title='bbox 2063 1560 2194 1625; x_wconf 90' lang='lat' dir='ltr'>sibi</span> <span class='ocrx_word' id='word_1_83' title='bbox 2214 1561 2633 1645; x_wconf 82' lang='lat' dir='ltr'>traderetur3</span> <span class='ocrx_word' id='word_1_84' title='bbox 2659 1562 2918 1647; x_wconf 84' lang='lat' dir='ltr'>absque</span> 
     </span>
     <span class='ocr_line' id='line_1_11' title="bbox 582 1665 2922 1754; baseline 0.001 -24"><span class='ocrx_word' id='word_1_85' title='bbox 582 1687 661 1730; x_wconf 89' lang='lat' dir='ltr'>eo</span> <span class='ocrx_word' id='word_1_86' title='bbox 708 1666 889 1730; x_wconf 89' lang='lat' dir='ltr'>enim</span> <span class='ocrx_word' id='word_1_87' title='bbox 924 1666 1075 1752; x_wconf 90' lang='lat' dir='ltr'>ipsa</span> <span class='ocrx_word' id='word_1_88' title='bbox 1118 1665 1308 1730; x_wconf 89' lang='lat' dir='ltr'>nulla</span> <span class='ocrx_word' id='word_1_89' title='bbox 1351 1674 1517 1750; x_wconf 87' lang='lat' dir='ltr'>erat,</span> <span class='ocrx_word' id='word_1_90' title='bbox 1554 1666 1673 1732; x_wconf 88' lang='lat' dir='ltr'>illo</span> <span class='ocrx_word' id='word_1_91' title='bbox 1716 1667 1864 1754; x_wconf 89' lang='lat' dir='ltr'>ipso</span> <span class='ocrx_word' id='word_1_92' title='bbox 1909 1675 1978 1731; x_wconf 92' lang='lat' dir='ltr'>et</span> <span class='ocrx_word' id='word_1_93' title='bbox 2000 1667 2181 1732; x_wconf 91' lang='lat' dir='ltr'>illius</span> <span class='ocrx_word' id='word_1_94' title='bbox 2202 1670 2349 1732; x_wconf 79' lang='lat' dir='ltr'>vita</span> <span class='ocrx_word' id='word_1_95' title='bbox 2370 1690 2568 1733; x_wconf 90' lang='lat' dir='ltr'>omne</span> <span class='ocrx_word' id='word_1_96' title='bbox 2580 1670 2694 1753; x_wconf 92' lang='lat' dir='ltr'>jus</span> <span class='ocrx_word' id='word_1_97' title='bbox 2717 1692 2922 1734; x_wconf 87' lang='lat' dir='ltr'>suum</span> 
     </span>
     <span class='ocr_line' id='line_1_12' title="bbox 581 1773 2916 1861; baseline 0.001 -24"><span class='ocrx_word' id='word_1_98' title='bbox 581 1774 946 1838; x_wconf 81' lang='lat' dir='ltr'>nitebatur.</span> <span class='ocrx_word' id='word_1_99' title='bbox 1035 1774 1371 1838; x_wconf 81' lang='lat' dir='ltr'>Roxanen</span> <span class='ocrx_word' id='word_1_100' title='bbox 1458 1773 1546 1838; x_wconf 87' lang='lat' dir='ltr'>de</span> <span class='ocrx_word' id='word_1_101' title='bbox 1613 1774 1829 1839; x_wconf 89' lang='lat' dir='ltr'>salute</span> <span class='ocrx_word' id='word_1_102' title='bbox 1895 1775 2090 1861; x_wconf 90' lang='lat' dir='ltr'>pueri</span> <span class='ocrx_word' id='word_1_103' title='bbox 2159 1774 2519 1840; x_wconf 79' lang='lat' dir='ltr'>sollicitam</span> <span class='ocrx_word' id='word_1_104' title='bbox 2592 1776 2916 1857; x_wconf 77' lang='lat' dir='ltr'>reddidit,</span> 
     </span>
     <span class='ocr_line' id='line_1_13' title="bbox 581 1879 2918 1969; baseline 0.001 -23"><span class='ocrx_word' id='word_1_105' title='bbox 581 1903 786 1965; x_wconf 90' lang='lat' dir='ltr'>quam</span> <span class='ocrx_word' id='word_1_106' title='bbox 833 1879 920 1946; x_wconf 95' lang='lat' dir='ltr'>ob</span> <span class='ocrx_word' id='word_1_107' title='bbox 965 1902 1111 1945; x_wconf 92' lang='lat' dir='ltr'>rem</span> <span class='ocrx_word' id='word_1_108' title='bbox 1153 1880 1344 1946; x_wconf 80' lang='lat' dir='ltr'>brevi</span> <span class='ocrx_word' id='word_1_109' title='bbox 1391 1888 1547 1968; x_wconf 91' lang='lat' dir='ltr'>post</span> <span class='ocrx_word' id='word_1_110' title='bbox 1589 1880 1944 1968; x_wconf 73' lang='lat' dir='ltr'>Antipatri</span> <span class='ocrx_word' id='word_1_111' title='bbox 1989 1889 2277 1947; x_wconf 89' lang='lat' dir='ltr'>mortem</span> <span class='ocrx_word' id='word_1_112' title='bbox 2336 1881 2586 1966; x_wconf 81' lang='lat' dir='ltr'>infans,</span> <span class='ocrx_word' id='word_1_113' title='bbox 2610 1904 2918 1969; x_wconf 90' lang='lat' dir='ltr'>compro-</span> 
     </span>
     <span class='ocr_line' id='line_1_14' title="bbox 580 1988 2919 2077; baseline 0.001 -25"><span class='ocrx_word' id='word_1_114' title='bbox 580 1988 788 2055; x_wconf 84' lang='lat' dir='ltr'>bante</span> <span class='ocrx_word' id='word_1_115' title='bbox 855 1988 1452 2077; x_wconf 82' lang='lat' dir='ltr'>Polysperchonte,</span> <span class='ocrx_word' id='word_1_116' title='bbox 1499 2012 1541 2053; x_wconf 97' lang='lat' dir='ltr'>a</span> <span class='ocrx_word' id='word_1_117' title='bbox 1604 1989 1911 2071; x_wconf 84' lang='lat' dir='ltr'>Roxane,</span> <span class='ocrx_word' id='word_1_118' title='bbox 1980 2011 2155 2073; x_wconf 89' lang='lat' dir='ltr'>quae</span> <span class='ocrx_word' id='word_1_119' title='bbox 2221 1989 2492 2055; x_wconf 90' lang='lat' dir='ltr'>sibimet</span> <span class='ocrx_word' id='word_1_120' title='bbox 2549 1991 2682 2076; x_wconf 93' lang='lat' dir='ltr'>ipsi</span> <span class='ocrx_word' id='word_1_121' title='bbox 2739 1989 2919 2054; x_wconf 90' lang='lat' dir='ltr'>nihil</span> 
     </span>
     <span class='ocr_line' id='line_1_15' title="bbox 579 2096 2918 2184; baseline -0.001 -22"><span class='ocrx_word' id='word_1_122' title='bbox 579 2099 867 2184; x_wconf 83' lang='lat' dir='ltr'>rogavit,</span> <span class='ocrx_word' id='word_1_123' title='bbox 935 2098 1008 2161; x_wconf 91' lang='lat' dir='ltr'>in</span> <span class='ocrx_word' id='word_1_124' title='bbox 1075 2097 1381 2183; x_wconf 84' lang='lat' dir='ltr'>Epirum,</span> <span class='ocrx_word' id='word_1_125' title='bbox 1451 2098 1565 2161; x_wconf 92' lang='lat' dir='ltr'>ubi</span> <span class='ocrx_word' id='word_1_126' title='bbox 1635 2096 1983 2183; x_wconf 82' lang='lat' dir='ltr'>Olympias</span> <span class='ocrx_word' id='word_1_127' title='bbox 2052 2098 2267 2162; x_wconf 84' lang='lat' dir='ltr'>vitam</span> <span class='ocrx_word' id='word_1_128' title='bbox 2334 2097 2510 2182; x_wconf 86' lang='lat' dir='ltr'>egit,</span> <span class='ocrx_word' id='word_1_129' title='bbox 2571 2104 2918 2184; x_wconf 88' lang='lat' dir='ltr'>transpor-</span> 
     </span>
     <span class='ocr_line' id='line_1_16' title="bbox 579 2206 1007 2286; baseline -0.005 -17"><span class='ocrx_word' id='word_1_130' title='bbox 579 2213 764 2269; x_wconf 85' lang='lat' dir='ltr'>tatus</span> <span class='ocrx_word' id='word_1_131' title='bbox 811 2211 912 2268; x_wconf 87' lang='lat' dir='ltr'>est</span> <span class='ocrx_word' id='word_1_132' title='bbox 937 2206 1007 2286; x_wconf 82' lang='grc'>1).</span> 
     </span>
    </p>

    <p class='ocr_par' dir='ltr' id='par_1_3' title="bbox 577 2310 2922 4110">
     <span class='ocr_line' id='line_1_17' title="bbox 669 2310 2917 2398; baseline -0.001 -21"><span class='ocrx_word' id='word_1_133' title='bbox 669 2312 981 2377; x_wconf 88' lang='lat' dir='ltr'>Secundo</span> <span class='ocrx_word' id='word_1_134' title='bbox 1040 2311 1188 2376; x_wconf 94' lang='lat' dir='ltr'>loco</span> <span class='ocrx_word' id='word_1_135' title='bbox 1247 2312 1664 2376; x_wconf 90' lang='lat' dir='ltr'>nominanda</span> <span class='ocrx_word' id='word_1_136' title='bbox 1710 2317 1813 2375; x_wconf 87' lang='lat' dir='ltr'>est</span> <span class='ocrx_word' id='word_1_137' title='bbox 1857 2310 2238 2398; x_wconf 81' lang='lat' dir='ltr'>Cleopatra,</span> <span class='ocrx_word' id='word_1_138' title='bbox 2286 2312 2660 2378; x_wconf 84' lang='lat' dir='ltr'>Alexandri</span> <span class='ocrx_word' id='word_1_139' title='bbox 2707 2333 2917 2376; x_wconf 90' lang='lat' dir='ltr'>soror.</span> 
     </span>
     <span class='ocr_line' id='line_1_18' title="bbox 579 2418 2918 2506; baseline -0 -22"><span class='ocrx_word' id='word_1_140' title='bbox 579 2418 968 2484; x_wconf 86' lang='lat' dir='ltr'>Secundum</span> <span class='ocrx_word' id='word_1_141' title='bbox 1012 2419 1496 2483; x_wconf 83' lang='lat' dir='ltr'>successionem</span> <span class='ocrx_word' id='word_1_142' title='bbox 1540 2418 1919 2502; x_wconf 74' lang='lat' dir='ltr'>legitimam</span> <span class='ocrx_word' id='word_1_143' title='bbox 1964 2419 2170 2483; x_wconf 91' lang='lat' dir='ltr'>etiam</span> <span class='ocrx_word' id='word_1_144' title='bbox 2212 2420 2373 2485; x_wconf 89' lang='lat' dir='ltr'>huic</span> <span class='ocrx_word' id='word_1_145' title='bbox 2408 2420 2522 2505; x_wconf 87' lang='lat' dir='ltr'>jus</span> <span class='ocrx_word' id='word_1_146' title='bbox 2565 2420 2918 2506; x_wconf 87' lang='lat' dir='ltr'>quoddam</span> 
     </span>
     <span class='ocr_line' id='line_1_19' title="bbox 579 2525 2919 2614; baseline -0 -24"><span class='ocrx_word' id='word_1_147' title='bbox 579 2527 833 2592; x_wconf 81' lang='lat' dir='ltr'>tutelae</span> <span class='ocrx_word' id='word_1_148' title='bbox 894 2534 963 2591; x_wconf 90' lang='lat' dir='ltr'>et</span> <span class='ocrx_word' id='word_1_149' title='bbox 1014 2528 1208 2610; x_wconf 89' lang='lat' dir='ltr'>regni</span> <span class='ocrx_word' id='word_1_150' title='bbox 1254 2525 1761 2591; x_wconf 86' lang='lat' dir='ltr'>concedendum</span> <span class='ocrx_word' id='word_1_151' title='bbox 1806 2532 1928 2607; x_wconf 84' lang='grc'><strong>831,</strong></span> <span class='ocrx_word' id='word_1_152' title='bbox 1975 2527 2156 2610; x_wconf 86' lang='grc' dir='ltr'><strong>(111οᾶ</strong></span> <span class='ocrx_word' id='word_1_153' title='bbox 2201 2527 2496 2592; x_wconf 88' lang='lat' dir='ltr'>secundo</span> <span class='ocrx_word' id='word_1_154' title='bbox 2539 2525 2708 2609; x_wconf 87' lang='lat' dir='ltr'>loce,</span> <span class='ocrx_word' id='word_1_155' title='bbox 2757 2533 2919 2614; x_wconf 85' lang='lat' dir='ltr'>post</span> 
     </span>
     <span class='ocr_line' id='line_1_20' title="bbox 582 2631 2915 2721; baseline 0 -23"><span class='ocrx_word' id='word_1_156' title='bbox 582 2632 1024 2721; x_wconf 84' lang='lat' dir='ltr'>Olympiadis,</span> <span class='ocrx_word' id='word_1_157' title='bbox 1071 2633 1191 2699; x_wconf 85' lang='lat' dir='ltr'>sed</span> <span class='ocrx_word' id='word_1_158' title='bbox 1237 2638 1395 2698; x_wconf 81' lang='lat' dir='ltr'>ante</span> <span class='ocrx_word' id='word_1_159' title='bbox 1434 2632 1741 2719; x_wconf 87' lang='lat' dir='ltr'>Philippi</span> <span class='ocrx_word' id='word_1_160' title='bbox 1761 2631 2126 2698; x_wconf 87' lang='lat' dir='ltr'>Arrhidaei</span> <span class='ocrx_word' id='word_1_161' title='bbox 2149 2633 2542 2699; x_wconf 91' lang='lat' dir='ltr'>habendum</span> <span class='ocrx_word' id='word_1_162' title='bbox 2566 2640 2686 2699; x_wconf 89' lang='lat' dir='ltr'>est.</span> <span class='ocrx_word' id='word_1_163' title='bbox 2734 2633 2915 2699; x_wconf 86' lang='lat' dir='ltr'>Mul-</span> 
     </span>
     <span class='ocr_line' id='line_1_21' title="bbox 579 2740 2917 2825; baseline -0 -19"><span class='ocrx_word' id='word_1_164' title='bbox 579 2748 805 2806; x_wconf 84' lang='lat' dir='ltr'>torum</span> <span class='ocrx_word' id='word_1_165' title='bbox 848 2741 1200 2805; x_wconf 91' lang='lat' dir='ltr'>hominum</span> <span class='ocrx_word' id='word_1_166' title='bbox 1258 2741 1515 2825; x_wconf 87' lang='lat' dir='ltr'>judicio</span> <span class='ocrx_word' id='word_1_167' title='bbox 1578 2740 1809 2825; x_wconf 89' lang='lat' dir='ltr'>magni</span> <span class='ocrx_word' id='word_1_168' title='bbox 1871 2741 2196 2805; x_wconf 90' lang='lat' dir='ltr'>momenti</span> <span class='ocrx_word' id='word_1_169' title='bbox 2254 2748 2420 2822; x_wconf 89' lang='lat' dir='ltr'>erat,</span> <span class='ocrx_word' id='word_1_170' title='bbox 2486 2763 2643 2806; x_wconf 92' lang='lat' dir='ltr'>cum</span> <span class='ocrx_word' id='word_1_171' title='bbox 2689 2741 2917 2805; x_wconf 89' lang='lat' dir='ltr'>adhuc</span> 
     </span>
     <span class='ocr_line' id='line_1_22' title="bbox 579 2845 2917 2934; baseline -0 -21"><span class='ocrx_word' id='word_1_172' title='bbox 579 2849 1086 2913; x_wconf 88' lang='lat' dir='ltr'>matrimonium</span> <span class='ocrx_word' id='word_1_173' title='bbox 1129 2848 1302 2912; x_wconf 90' lang='lat' dir='ltr'>inire</span> <span class='ocrx_word' id='word_1_174' title='bbox 1345 2855 1590 2934; x_wconf 92' lang='lat' dir='ltr'>posset,</span> <span class='ocrx_word' id='word_1_175' title='bbox 1637 2868 1772 2933; x_wconf 91' lang='lat' dir='ltr'>quo</span> <span class='ocrx_word' id='word_1_176' title='bbox 1818 2848 2247 2913; x_wconf 89' lang='lat' dir='ltr'>matrimonio</span> <span class='ocrx_word' id='word_1_177' title='bbox 2294 2847 2539 2912; x_wconf 89' lang='lat' dir='ltr'>marito</span> <span class='ocrx_word' id='word_1_178' title='bbox 2596 2869 2716 2913; x_wconf 90' lang='grc'><strong>3110</strong></span> <span class='ocrx_word' id='word_1_179' title='bbox 2752 2845 2917 2931; x_wconf 88' lang='lat' dir='ltr'>jura</span> 
     </span>
     <span class='ocr_line' id='line_1_23' title="bbox 579 2954 2912 3042; baseline -0.001 -23"><span class='ocrx_word' id='word_1_180' title='bbox 579 2977 1011 3040; x_wconf 90' lang='lat' dir='ltr'>nequaquam</span> <span class='ocrx_word' id='word_1_181' title='bbox 1055 2954 1439 3042; x_wconf 89' lang='lat' dir='ltr'>spernenda</span> <span class='ocrx_word' id='word_1_182' title='bbox 1483 2954 1570 3019; x_wconf 89' lang='lat' dir='ltr'>ad</span> <span class='ocrx_word' id='word_1_183' title='bbox 1608 2976 1895 3039; x_wconf 90' lang='lat' dir='ltr'>regnum</span> <span class='ocrx_word' id='word_1_184' title='bbox 1933 2955 2423 3041; x_wconf 88' lang='lat' dir='ltr'>capessendum</span> <span class='ocrx_word' id='word_1_185' title='bbox 2447 2954 2692 3019; x_wconf 88' lang='lat' dir='ltr'>datura</span> <span class='ocrx_word' id='word_1_186' title='bbox 2716 2961 2912 3019; x_wconf 87' lang='lat' dir='ltr'>esset.</span> 
     </span>
     <span class='ocr_line' id='line_1_24' title="bbox 577 3060 2913 3148; baseline -0 -22"><span class='ocrx_word' id='word_1_187' title='bbox 577 3062 884 3126; x_wconf 91' lang='lat' dir='ltr'>Primum</span> <span class='ocrx_word' id='word_1_188' title='bbox 927 3061 1358 3127; x_wconf 88' lang='lat' dir='ltr'>Leonnatum</span> <span class='ocrx_word' id='word_1_189' title='bbox 1401 3062 1720 3126; x_wconf 90' lang='lat' dir='ltr'>maritum</span> <span class='ocrx_word' id='word_1_190' title='bbox 1781 3062 1910 3125; x_wconf 89' lang='lat' dir='ltr'>sibi</span> <span class='ocrx_word' id='word_1_191' title='bbox 1955 3060 2163 3147; x_wconf 85' lang='lat' dir='ltr'>elegit</span> <span class='ocrx_word' id='word_1_192' title='bbox 2183 3062 2255 3144; x_wconf 73' lang='grc'>2),</span> <span class='ocrx_word' id='word_1_193' title='bbox 2293 3068 2450 3148; x_wconf 89' lang='lat' dir='ltr'>post</span> <span class='ocrx_word' id='word_1_194' title='bbox 2490 3060 2606 3146; x_wconf 86' lang='lat' dir='ltr'>huj</span> <span class='ocrx_word' id='word_1_195' title='bbox 2614 3084 2693 3126; x_wconf 93' lang='lat' dir='ltr'>us</span> <span class='ocrx_word' id='word_1_196' title='bbox 2737 3083 2913 3126; x_wconf 93' lang='lat' dir='ltr'>mor-</span> 
     </span>
     <span class='ocr_line' id='line_1_25' title="bbox 580 3167 2917 3254; baseline 0 -22"><span class='ocrx_word' id='word_1_197' title='bbox 580 3176 721 3233; x_wconf 87' lang='lat' dir='ltr'>tem</span> <span class='ocrx_word' id='word_1_198' title='bbox 781 3175 1011 3234; x_wconf 85' lang='lat' dir='ltr'>antem</span> <span class='ocrx_word' id='word_1_199' title='bbox 1069 3167 1433 3233; x_wconf 89' lang='lat' dir='ltr'>Perdiccae</span> <span class='ocrx_word' id='word_1_200' title='bbox 1499 3189 1757 3232; x_wconf 89' lang='lat' dir='ltr'>morem</span> <span class='ocrx_word' id='word_1_201' title='bbox 1800 3169 2029 3253; x_wconf 88' lang='lat' dir='ltr'>gessit,</span> <span class='ocrx_word' id='word_1_202' title='bbox 2093 3169 2290 3253; x_wconf 89' lang='lat' dir='ltr'>eique</span> <span class='ocrx_word' id='word_1_203' title='bbox 2336 3168 2587 3254; x_wconf 90' lang='lat' dir='ltr'>nupsit,</span> <span class='ocrx_word' id='word_1_204' title='bbox 2636 3169 2751 3232; x_wconf 88' lang='lat' dir='ltr'>sed</span> <span class='ocrx_word' id='word_1_205' title='bbox 2802 3168 2917 3232; x_wconf 86' lang='lat' dir='ltr'>hic</span> 
     </span>
     <span class='ocr_line' id='line_1_26' title="bbox 583 3272 2917 3362; baseline -0.001 -21"><span class='ocrx_word' id='word_1_206' title='bbox 583 3297 852 3361; x_wconf 91' lang='lat' dir='ltr'>quoque</span> <span class='ocrx_word' id='word_1_207' title='bbox 886 3282 1190 3340; x_wconf 89' lang='lat' dir='ltr'>mortuus</span> <span class='ocrx_word' id='word_1_208' title='bbox 1238 3283 1340 3339; x_wconf 89' lang='lat' dir='ltr'>est</span> <span class='ocrx_word' id='word_1_209' title='bbox 1359 3279 1430 3358; x_wconf 81' lang='lat'>3).</span> <span class='ocrx_word' id='word_1_210' title='bbox 1475 3275 1648 3339; x_wconf 88' lang='lat' dir='ltr'>Inde</span> <span class='ocrx_word' id='word_1_211' title='bbox 1695 3274 1781 3339; x_wconf 91' lang='lat' dir='ltr'>ab</span> <span class='ocrx_word' id='word_1_212' title='bbox 1826 3275 1956 3340; x_wconf 91' lang='lat' dir='ltr'>hoc</span> <span class='ocrx_word' id='word_1_213' title='bbox 2001 3280 2306 3362; x_wconf 89' lang='lat' dir='ltr'>tempore</span> <span class='ocrx_word' id='word_1_214' title='bbox 2353 3272 2681 3339; x_wconf 86' lang='lat' dir='ltr'>Sardibus</span> <span class='ocrx_word' id='word_1_215' title='bbox 2719 3275 2917 3340; x_wconf 88' lang='lat' dir='ltr'>sedes</span> 
     </span>
     <span class='ocr_line' id='line_1_27' title="bbox 580 3381 2918 3466; baseline -0 -20"><span class='ocrx_word' id='word_1_216' title='bbox 580 3381 842 3464; x_wconf 87' lang='lat' dir='ltr'>habuit,</span> <span class='ocrx_word' id='word_1_217' title='bbox 910 3383 1183 3447; x_wconf 92' lang='lat' dir='ltr'>nomine</span> <span class='ocrx_word' id='word_1_218' title='bbox 1250 3389 1519 3446; x_wconf 87' lang='lat' dir='ltr'>tantum</span> <span class='ocrx_word' id='word_1_219' title='bbox 1562 3381 1779 3446; x_wconf 89' lang='lat' dir='ltr'>libera</span> <span class='ocrx_word' id='word_1_220' title='bbox 1844 3388 2010 3464; x_wconf 88' lang='lat' dir='ltr'>erat,</span> <span class='ocrx_word' id='word_1_221' title='bbox 2080 3382 2202 3446; x_wconf 88' lang='lat' dir='ltr'>sed</span> <span class='ocrx_word' id='word_1_222' title='bbox 2260 3403 2419 3447; x_wconf 93' lang='lat' dir='ltr'>mox</span> <span class='ocrx_word' id='word_1_223' title='bbox 2461 3381 2537 3445; x_wconf 91' lang='lat' dir='ltr'>in</span> <span class='ocrx_word' id='word_1_224' title='bbox 2580 3381 2918 3466; x_wconf 85' lang='lat' dir='ltr'>Antigoni</span> 
     </span>
     <span class='ocr_line' id='line_1_28' title="bbox 582 3488 2915 3578; baseline -0.001 -23"><span class='ocrx_word' id='word_1_225' title='bbox 582 3491 961 3556; x_wconf 85' lang='lat' dir='ltr'>custodiam</span> <span class='ocrx_word' id='word_1_226' title='bbox 993 3491 1359 3578; x_wconf 66' lang='lat' dir='ltr'>pervenit,</span> <span class='ocrx_word' id='word_1_227' title='bbox 1427 3511 1582 3554; x_wconf 91' lang='lat' dir='ltr'>cum</span> <span class='ocrx_word' id='word_1_228' title='bbox 1645 3489 1759 3554; x_wconf 89' lang='lat' dir='ltr'>hic</span> <span class='ocrx_word' id='word_1_229' title='bbox 1825 3489 2062 3554; x_wconf 88' lang='lat' dir='ltr'>Asiam</span> <span class='ocrx_word' id='word_1_230' title='bbox 2128 3490 2464 3554; x_wconf 84' lang='lat' dir='ltr'>Minorem</span> <span class='ocrx_word' id='word_1_231' title='bbox 2529 3488 2915 3575; x_wconf 88' lang='lat' dir='ltr'>occupavit.</span> 
     </span>
     <span class='ocr_line' id='line_1_29' title="bbox 579 3594 2918 3684; baseline -0 -23"><span class='ocrx_word' id='word_1_232' title='bbox 579 3597 811 3661; x_wconf 91' lang='lat' dir='ltr'>Etiam</span> <span class='ocrx_word' id='word_1_233' title='bbox 919 3597 1036 3662; x_wconf 89' lang='lat' dir='ltr'>diu</span> <span class='ocrx_word' id='word_1_234' title='bbox 1138 3603 1294 3684; x_wconf 90' lang='lat' dir='ltr'>post</span> <span class='ocrx_word' id='word_1_235' title='bbox 1394 3596 1901 3661; x_wconf 86' lang='lat' dir='ltr'>matrimonium</span> <span class='ocrx_word' id='word_1_236' title='bbox 2004 3595 2407 3683; x_wconf 82' lang='lat' dir='ltr'>Cleopatrae</span> <span class='ocrx_word' id='word_1_237' title='bbox 2498 3618 2541 3661; x_wconf 91' lang='lat' dir='ltr'>a</span> <span class='ocrx_word' id='word_1_238' title='bbox 2627 3594 2918 3660; x_wconf 89' lang='lat' dir='ltr'>ducibus</span> 
     </span>
     <span class='ocr_line' id='line_1_30' title="bbox 581 3701 2922 3789; baseline -0.001 -21"><span class='ocrx_word' id='word_1_239' title='bbox 581 3703 956 3768; x_wconf 87' lang='lat' dir='ltr'>Alexandri</span> <span class='ocrx_word' id='word_1_240' title='bbox 1043 3709 1396 3789; x_wconf 89' lang='lat' dir='ltr'>tamquam</span> <span class='ocrx_word' id='word_1_241' title='bbox 1459 3703 1840 3789; x_wconf 87' lang='lat' dir='ltr'>praemium</span> <span class='ocrx_word' id='word_1_242' title='bbox 1929 3703 2259 3767; x_wconf 84' lang='lat' dir='ltr'>victoriae</span> <span class='ocrx_word' id='word_1_243' title='bbox 2348 3701 2753 3783; x_wconf 86' lang='lat' dir='ltr'>habebatur,</span> <span class='ocrx_word' id='word_1_244' title='bbox 2846 3709 2922 3765; x_wconf 90' lang='lat' dir='ltr'>et</span> 
     </span>
     <span class='ocr_line' id='line_1_31' title="bbox 584 3807 2919 3896; baseline -0.001 -21"><span class='ocrx_word' id='word_1_245' title='bbox 584 3810 1081 3896; x_wconf 88' lang='lat' dir='ltr'>quodammodo</span> <span class='ocrx_word' id='word_1_246' title='bbox 1147 3810 1673 3875; x_wconf 88' lang='lat' dir='ltr'>instrumentum</span> <span class='ocrx_word' id='word_1_247' title='bbox 1742 3830 1876 3894; x_wconf 91' lang='lat' dir='ltr'>quo</span> <span class='ocrx_word' id='word_1_248' title='bbox 1946 3831 2210 3874; x_wconf 88' lang='lat' dir='ltr'>summa</span> <span class='ocrx_word' id='word_1_249' title='bbox 2270 3809 2539 3895; x_wconf 85' lang='lat' dir='ltr'>imperii</span> <span class='ocrx_word' id='word_1_250' title='bbox 2580 3807 2919 3894; x_wconf 89' lang='lat' dir='ltr'>possessio</span> 
     </span>
     <span class='ocr_line' id='line_1_32' title="bbox 579 3914 2918 4004; baseline -0.002 -21"><span class='ocrx_word' id='word_1_251' title='bbox 579 3925 953 4004; x_wconf 89' lang='lat' dir='ltr'>pararetur.</span> <span class='ocrx_word' id='word_1_252' title='bbox 1026 3917 1166 3982; x_wconf 80' lang='lat' dir='ltr'>Sed</span> <span class='ocrx_word' id='word_1_253' title='bbox 1210 3937 1441 3981; x_wconf 88' lang='lat' dir='ltr'>omnes</span> <span class='ocrx_word' id='word_1_254' title='bbox 1487 3917 1605 4001; x_wconf 90' lang='lat' dir='ltr'>qui</span> <span class='ocrx_word' id='word_1_255' title='bbox 1651 3916 1740 3981; x_wconf 92' lang='lat' dir='ltr'>ad</span> <span class='ocrx_word' id='word_1_256' title='bbox 1787 3916 2295 3981; x_wconf 87' lang='lat' dir='ltr'>matrimonium</span> <span class='ocrx_word' id='word_1_257' title='bbox 2348 3914 2523 3980; x_wconf 87' lang='lat' dir='ltr'>illud</span> <span class='ocrx_word' id='word_1_258' title='bbox 2569 3915 2918 4001; x_wconf 83' lang='lat' dir='ltr'>aspirave-</span> 
     </span>
     <span class='ocr_line' id='line_1_33' title="bbox 581 4022 2920 4110; baseline -0.001 -21"><span class='ocrx_word' id='word_1_259' title='bbox 581 4032 761 4107; x_wconf 86' lang='lat' dir='ltr'>runt,</span> <span class='ocrx_word' id='word_1_260' title='bbox 810 4023 1206 4108; x_wconf 86' lang='lat' dir='ltr'>Cassander,</span> <span class='ocrx_word' id='word_1_261' title='bbox 1254 4024 1720 4110; x_wconf 79' lang='lat' dir='ltr'>LysimachuS,</span> <span class='ocrx_word' id='word_1_262' title='bbox 1764 4023 1911 4110; x_wconf 89' lang='lat' dir='ltr'>ipse</span> <span class='ocrx_word' id='word_1_263' title='bbox 1933 4023 2323 4108; x_wconf 85' lang='lat' dir='ltr'>Antigonus</span> <span class='ocrx_word' id='word_1_264' title='bbox 2348 4022 2433 4088; x_wconf 91' lang='lat' dir='ltr'>ab</span> <span class='ocrx_word' id='word_1_265' title='bbox 2458 4045 2540 4087; x_wconf 88' lang='lat' dir='ltr'>ea</span> <span class='ocrx_word' id='word_1_266' title='bbox 2560 4022 2920 4108; x_wconf 88' lang='lat' dir='ltr'>repudiati</span> 
     </span>
    </p>
   </div>
   <div class='ocr_carea' id='block_1_3' title="bbox 587 4180 1009 4187">
    <p class='ocr_par' dir='ltr' id='par_1_4' title="bbox 587 4180 1009 4187">
     <span class='ocr_line' id='line_1_34' title="bbox 587 4180 1009 4187; baseline 0 1163"><span class='ocrx_word' id='word_1_267' title='bbox 587 4180 1009 4187; x_wconf 95' lang='lat' dir='ltr'> </span> 
     </span>
    </p>
   </div>
   <div class='ocr_carea' id='block_1_4' title="bbox 635 4275 1829 4523">
    <p class='ocr_par' dir='ltr' id='par_1_5' title="bbox 635 4275 1829 4523">
     <span class='ocr_line' id='line_1_35' title="bbox 635 4275 1829 4343; baseline -0.003 -13"><span class='ocrx_word' id='word_1_268' title='bbox 635 4276 683 4343; x_wconf 89' lang='lat'>1)</span> <span class='ocrx_word' id='word_1_269' title='bbox 718 4277 866 4330; x_wconf 85' lang='lat' dir='ltr'>Plut.</span> <span class='ocrx_word' id='word_1_270' title='bbox 903 4278 1063 4331; x_wconf 86' lang='lat' dir='ltr'>Eum.</span> <span class='ocrx_word' id='word_1_271' title='bbox 1100 4276 1184 4331; x_wconf 85' lang='lat'>13.</span> <span class='ocrx_word' id='word_1_272' title='bbox 1223 4277 1291 4331; x_wconf 80' lang='lat' dir='ltr'>cf.</span> <span class='ocrx_word' id='word_1_273' title='bbox 1332 4276 1491 4330; x_wconf 89' lang='lat' dir='ltr'>Diod.</span> <span class='ocrx_word' id='word_1_274' title='bbox 1533 4276 1618 4330; x_wconf 88' lang='lat'>19.</span> <span class='ocrx_word' id='word_1_275' title='bbox 1655 4275 1742 4328; x_wconf 83' lang='lat'>23.</span> <span class='ocrx_word' id='word_1_276' title='bbox 1779 4275 1829 4327; x_wconf 87' lang='grc'>2.</span> 
     </span>
     <span class='ocr_line' id='line_1_36' title="bbox 635 4366 1160 4431; baseline -0.011 -11"><span class='ocrx_word' id='word_1_277' title='bbox 635 4366 685 4431; x_wconf 84' lang='lat'>2)</span> <span class='ocrx_word' id='word_1_278' title='bbox 723 4366 871 4420; x_wconf 83' lang='lat' dir='ltr'>Plut.</span> <span class='ocrx_word' id='word_1_279' title='bbox 908 4367 1067 4420; x_wconf 91' lang='lat' dir='ltr'>Eum.</span> <span class='ocrx_word' id='word_1_280' title='bbox 1104 4366 1160 4418; x_wconf 89' lang='lat'>3.</span> 
     </span>
     <span class='ocr_line' id='line_1_37' title="bbox 637 4454 1211 4523; baseline -0.002 -14"><span class='ocrx_word' id='word_1_281' title='bbox 637 4454 682 4523; x_wconf 88' lang='lat'>3)</span> <span class='ocrx_word' id='word_1_282' title='bbox 715 4454 874 4509; x_wconf 83' lang='lat' dir='ltr'>Diod.</span> <span class='ocrx_word' id='word_1_283' title='bbox 916 4454 999 4508; x_wconf 88' lang='lat'>18.</span> <span class='ocrx_word' id='word_1_284' title='bbox 1039 4454 1123 4508; x_wconf 83' lang='grc'>23.</span> <span class='ocrx_word' id='word_1_285' title='bbox 1161 4455 1211 4508; x_wconf 85' lang='grc'>3.</span> 
     </span>
    </p>
   </div>
   <div class='ocr_carea' id='block_1_5' title="bbox 3336 489 3338 5203">
    <p class='ocr_par' dir='ltr' id='par_1_6' title="bbox 3336 489 3338 5203">
     <span class='ocr_line' id='line_1_38' title="bbox 3336 489 3338 5203; baseline 0 0"><span class='ocrx_word' id='word_1_286' title='bbox 3336 489 3338 5203; x_wconf 95' lang='lat' dir='ltr'> </span> 
     </span>
    </p>
   </div>
  </div>
 </body>
</html>
