<?xml version="1.0" encoding="UTF-8"?>
<!DOCTYPE html PUBLIC "-//W3C//DTD XHTML 1.0 Transitional//EN"
    "http://www.w3.org/TR/xhtml1/DTD/xhtml1-transitional.dtd">
<html xmlns="http://www.w3.org/1999/xhtml" xml:lang="en" lang="en">
 <head>
  <title>
</title>
<meta http-equiv="Content-Type" content="text/html;charset=utf-8" />
  <meta name='ocr-system' content='tesseract 3.04.00' />
  <meta name='ocr-capabilities' content='ocr_page ocr_carea ocr_par ocr_line ocrx_word'/>
</head>
<body>
  <div class='ocr_page' id='page_1' title='image "./definibusregnim01breegoog_0062.png"; bbox 0 0 3338 5350; ppageno 0'>
   <div class='ocr_carea' id='block_1_1' title="bbox 1702 532 1792 596">
    <p class='ocr_par' dir='ltr' id='par_1_1' title="bbox 1702 532 1792 596">
     <span class='ocr_line' id='line_1_1' title="bbox 1702 532 1792 596; baseline 0 0"><span class='ocrx_word' id='word_1_1' title='bbox 1702 532 1792 596; x_wconf 86' lang='lat'>34</span> 
     </span>
    </p>
   </div>
   <div class='ocr_carea' id='block_1_2' title="bbox 567 729 2912 3281">
    <p class='ocr_par' dir='ltr' id='par_1_2' title="bbox 573 729 2911 1138">
     <span class='ocr_line' id='line_1_2' title="bbox 661 729 2911 818; baseline 0 -24"><span class='ocrx_word' id='word_1_2' title='bbox 661 730 859 794; x_wconf 89' lang='lat' dir='ltr'>Hanc</span> <span class='ocrx_word' id='word_1_3' title='bbox 928 730 1015 793; x_wconf 94' lang='lat' dir='ltr'>ob</span> <span class='ocrx_word' id='word_1_4' title='bbox 1085 751 1230 794; x_wconf 94' lang='lat' dir='ltr'>rem</span> <span class='ocrx_word' id='word_1_5' title='bbox 1300 750 1569 814; x_wconf 89' lang='lat' dir='ltr'>quoque</span> <span class='ocrx_word' id='word_1_6' title='bbox 1636 730 1966 815; x_wconf 80' lang='lat' dir='ltr'>conjicere</span> <span class='ocrx_word' id='word_1_7' title='bbox 2027 729 2233 795; x_wconf 85' lang='lat' dir='ltr'>velim</span> <span class='ocrx_word' id='word_1_8' title='bbox 2299 730 2695 818; x_wconf 86' lang='lat' dir='ltr'>Philippum</span> <span class='ocrx_word' id='word_1_9' title='bbox 2756 730 2911 818; x_wconf 89' lang='lat' dir='ltr'>plus</span> 
     </span>
     <span class='ocr_line' id='line_1_3' title="bbox 573 834 2908 923; baseline 0 -22"><span class='ocrx_word' id='word_1_10' title='bbox 573 837 929 902; x_wconf 82' lang='lat' dir='ltr'>indulsisse</span> <span class='ocrx_word' id='word_1_11' title='bbox 992 834 1375 902; x_wconf 85' lang='lat' dir='ltr'>Paeonibus</span> <span class='ocrx_word' id='word_1_12' title='bbox 1440 858 1645 921; x_wconf 85' lang='lat' dir='ltr'>quam</span> <span class='ocrx_word' id='word_1_13' title='bbox 1713 838 1950 902; x_wconf 86' lang='lat' dir='ltr'>ceteris</span> <span class='ocrx_word' id='word_1_14' title='bbox 2017 838 2333 923; x_wconf 87' lang='lat' dir='ltr'>gentibus</span> <span class='ocrx_word' id='word_1_15' title='bbox 2402 837 2486 902; x_wconf 84' lang='lat' dir='ltr'>ab</span> <span class='ocrx_word' id='word_1_16' title='bbox 2548 859 2627 903; x_wconf 88' lang='lat' dir='ltr'>eo</span> <span class='ocrx_word' id='word_1_17' title='bbox 2691 838 2908 922; x_wconf 72' lang='lat' dir='ltr'>victi8‚</span> 
     </span>
     <span class='ocr_line' id='line_1_4' title="bbox 573 942 2911 1032; baseline 0 -24"><span class='ocrx_word' id='word_1_18' title='bbox 573 943 860 1009; x_wconf 88' lang='lat' dir='ltr'>fortasse</span> <span class='ocrx_word' id='word_1_19' title='bbox 928 945 1056 1008; x_wconf 90' lang='lat' dir='ltr'>hac</span> <span class='ocrx_word' id='word_1_20' title='bbox 1103 943 1245 1010; x_wconf 90' lang='lat' dir='ltr'>sola</span> <span class='ocrx_word' id='word_1_21' title='bbox 1312 966 1387 1008; x_wconf 89' lang='lat' dir='ltr'>re</span> <span class='ocrx_word' id='word_1_22' title='bbox 1432 966 1589 1009; x_wconf 91' lang='lat' dir='ltr'>eum</span> <span class='ocrx_word' id='word_1_23' title='bbox 1655 952 2052 1010; x_wconf 88' lang='lat' dir='ltr'>contentum</span> <span class='ocrx_word' id='word_1_24' title='bbox 2120 942 2345 1027; x_wconf 88' lang='lat' dir='ltr'>fuisse,</span> <span class='ocrx_word' id='word_1_25' title='bbox 2410 944 2589 1032; x_wconf 87' lang='lat' dir='ltr'>quod</span> <span class='ocrx_word' id='word_1_26' title='bbox 2639 944 2911 1009; x_wconf 86' lang='lat' dir='ltr'>foedere</span> 
     </span>
     <span class='ocr_line' id='line_1_5' title="bbox 573 1050 2336 1138; baseline 0.001 -24"><span class='ocrx_word' id='word_1_27' title='bbox 573 1073 788 1136; x_wconf 89' lang='lat' dir='ltr'>aequo</span> <span class='ocrx_word' id='word_1_28' title='bbox 839 1052 1004 1116; x_wconf 88' lang='lat' dir='ltr'>inito</span> <span class='ocrx_word' id='word_1_29' title='bbox 1048 1052 1509 1138; x_wconf 73' lang='lat' dir='ltr'>principatum</span> <span class='ocrx_word' id='word_1_30' title='bbox 1555 1074 1752 1116; x_wconf 88' lang='lat' dir='ltr'>suum</span> <span class='ocrx_word' id='word_1_31' title='bbox 1799 1058 2240 1137; x_wconf 72' lang='lat' dir='ltr'>agnoscerent</span> <span class='ocrx_word' id='word_1_32' title='bbox 2267 1050 2336 1133; x_wconf 75' lang='grc'>1).</span> 
     </span>
    </p>

    <p class='ocr_par' dir='ltr' id='par_1_3' title="bbox 572 1158 2911 1458">
     <span class='ocr_line' id='line_1_6' title="bbox 664 1158 2911 1224; baseline -0 -1"><span class='ocrx_word' id='word_1_33' title='bbox 664 1159 977 1223; x_wconf 83' lang='lat' dir='ltr'>Ceterum</span> <span class='ocrx_word' id='word_1_34' title='bbox 1046 1159 1118 1223; x_wconf 92' lang='lat' dir='ltr'>in</span> <span class='ocrx_word' id='word_1_35' title='bbox 1182 1160 1499 1224; x_wconf 84' lang='lat' dir='ltr'>universo</span> <span class='ocrx_word' id='word_1_36' title='bbox 1561 1164 1778 1222; x_wconf 90' lang='lat' dir='ltr'>status</span> <span class='ocrx_word' id='word_1_37' title='bbox 1861 1158 2198 1223; x_wconf 84' lang='lat' dir='ltr'>Paeoniae</span> <span class='ocrx_word' id='word_1_38' title='bbox 2263 1159 2449 1224; x_wconf 90' lang='lat' dir='ltr'>haud</span> <span class='ocrx_word' id='word_1_39' title='bbox 2518 1158 2911 1224; x_wconf 86' lang='lat' dir='ltr'>dissimilem</span> 
     </span>
     <span class='ocr_line' id='line_1_7' title="bbox 575 1265 2910 1353; baseline 0 -24"><span class='ocrx_word' id='word_1_40' title='bbox 575 1287 718 1329; x_wconf 86' lang='lat' dir='ltr'>sese</span> <span class='ocrx_word' id='word_1_41' title='bbox 762 1266 924 1329; x_wconf 91' lang='lat' dir='ltr'>mihi</span> <span class='ocrx_word' id='word_1_42' title='bbox 974 1265 1174 1330; x_wconf 84' lang='lat' dir='ltr'>offert</span> <span class='ocrx_word' id='word_1_43' title='bbox 1243 1266 1611 1330; x_wconf 91' lang='lat' dir='ltr'>conditioni</span> <span class='ocrx_word' id='word_1_44' title='bbox 1676 1288 1907 1330; x_wconf 88' lang='lat' dir='ltr'>earum</span> <span class='ocrx_word' id='word_1_45' title='bbox 1974 1266 2303 1350; x_wconf 88' lang='lat' dir='ltr'>gentium,</span> <span class='ocrx_word' id='word_1_46' title='bbox 2369 1288 2543 1351; x_wconf 88' lang='lat' dir='ltr'>quae</span> <span class='ocrx_word' id='word_1_47' title='bbox 2587 1272 2823 1353; x_wconf 89' lang='lat' dir='ltr'>postea</span> <span class='ocrx_word' id='word_1_48' title='bbox 2870 1288 2910 1330; x_wconf 97' lang='lat' dir='ltr'>a</span> 
     </span>
     <span class='ocr_line' id='line_1_8' title="bbox 572 1371 2758 1458; baseline 0 -22"><span class='ocrx_word' id='word_1_49' title='bbox 572 1373 899 1437; x_wconf 86' lang='lat' dir='ltr'>Romanis</span> <span class='ocrx_word' id='word_1_50' title='bbox 947 1372 1370 1438; x_wconf 84' lang='lat' dir='ltr'>vocabantur</span> <span class='ocrx_word' id='word_1_51' title='bbox 1422 1374 1772 1458; x_wconf 83' lang='lat' dir='ltr'>„civitates</span> <span class='ocrx_word' id='word_1_52' title='bbox 1819 1371 2214 1438; x_wconf 83' lang='lat' dir='ltr'>foederatae</span> <span class='ocrx_word' id='word_1_53' title='bbox 2258 1379 2325 1436; x_wconf 89' lang='lat' dir='ltr'>et</span> <span class='ocrx_word' id='word_1_54' title='bbox 2372 1371 2664 1437; x_wconf 87' lang='lat' dir='ltr'>liberae&#39;’</span> <span class='ocrx_word' id='word_1_55' title='bbox 2692 1372 2758 1449; x_wconf 71' lang='grc'>2).</span> 
     </span>
    </p>

    <p class='ocr_par' dir='ltr' id='par_1_4' title="bbox 569 1477 2910 2316">
     <span class='ocr_line' id='line_1_9' title="bbox 661 1477 2910 1566; baseline 0 -24"><span class='ocrx_word' id='word_1_56' title='bbox 661 1477 871 1543; x_wconf 87' lang='lat' dir='ltr'>Varia</span> <span class='ocrx_word' id='word_1_57' title='bbox 930 1479 1112 1544; x_wconf 89' lang='lat' dir='ltr'>bella</span> <span class='ocrx_word' id='word_1_58' title='bbox 1175 1502 1214 1544; x_wconf 86' lang='lat' dir='ltr'>a</span> <span class='ocrx_word' id='word_1_59' title='bbox 1279 1477 1599 1566; x_wconf 86' lang='lat' dir='ltr'>Philippo</span> <span class='ocrx_word' id='word_1_60' title='bbox 1656 1486 1851 1564; x_wconf 88' lang='lat' dir='ltr'>gesta</span> <span class='ocrx_word' id='word_1_61' title='bbox 1918 1486 2077 1544; x_wconf 91' lang='lat' dir='ltr'>sunt</span> <span class='ocrx_word' id='word_1_62' title='bbox 2142 1500 2298 1543; x_wconf 94' lang='lat' dir='ltr'>cum</span> <span class='ocrx_word' id='word_1_63' title='bbox 2361 1478 2669 1544; x_wconf 89' lang='lat' dir='ltr'>barbaris</span> <span class='ocrx_word' id='word_1_64' title='bbox 2715 1480 2827 1563; x_wconf 90' lang='lat' dir='ltr'>qui</span> <span class='ocrx_word' id='word_1_65' title='bbox 2870 1501 2910 1543; x_wconf 97' lang='lat' dir='ltr'>a</span> 
     </span>
     <span class='ocr_line' id='line_1_10' title="bbox 575 1584 2909 1673; baseline 0 -23"><span class='ocrx_word' id='word_1_66' title='bbox 575 1584 1049 1672; x_wconf 82' lang='lat' dir='ltr'>Septentrionc</span> <span class='ocrx_word' id='word_1_67' title='bbox 1109 1585 1448 1650; x_wconf 89' lang='lat' dir='ltr'>Paeoniae</span> <span class='ocrx_word' id='word_1_68' title='bbox 1522 1585 1713 1650; x_wconf 90' lang='lat' dir='ltr'>sedes</span> <span class='ocrx_word' id='word_1_69' title='bbox 1795 1586 2158 1651; x_wconf 89' lang='lat' dir='ltr'>habebant.</span> <span class='ocrx_word' id='word_1_70' title='bbox 2271 1585 2504 1651; x_wconf 89' lang='lat' dir='ltr'>Prima</span> <span class='ocrx_word' id='word_1_71' title='bbox 2570 1585 2909 1673; x_wconf 71' lang='lat' dir='ltr'>expeditio</span> 
     </span>
     <span class='ocr_line' id='line_1_11' title="bbox 572 1692 2909 1778; baseline -0.001 -20"><span class='ocrx_word' id='word_1_72' title='bbox 572 1700 807 1758; x_wconf 87' lang='lat' dir='ltr'>contra</span> <span class='ocrx_word' id='word_1_73' title='bbox 863 1715 973 1759; x_wconf 87' lang='lat' dir='ltr'>eos</span> <span class='ocrx_word' id='word_1_74' title='bbox 1026 1692 1174 1778; x_wconf 87' lang='lat' dir='ltr'>jam</span> <span class='ocrx_word' id='word_1_75' title='bbox 1219 1715 1397 1758; x_wconf 89' lang='lat' dir='ltr'>anno</span> <span class='ocrx_word' id='word_1_76' title='bbox 1446 1693 1576 1757; x_wconf 86' lang='lat'>356</span> <span class='ocrx_word' id='word_1_77' title='bbox 1616 1716 1656 1757; x_wconf 87' lang='lat' dir='ltr'>a</span> <span class='ocrx_word' id='word_1_78' title='bbox 1704 1693 2152 1758; x_wconf 89' lang='lat' dir='ltr'>Parmenione</span> <span class='ocrx_word' id='word_1_79' title='bbox 2197 1692 2382 1758; x_wconf 86' lang='lat' dir='ltr'>facta</span> <span class='ocrx_word' id='word_1_80' title='bbox 2430 1700 2549 1776; x_wconf 77' lang='lat' dir='ltr'>est‚</span> <span class='ocrx_word' id='word_1_81' title='bbox 2590 1692 2709 1778; x_wconf 85' lang='lat' dir='ltr'>qui</span> <span class='ocrx_word' id='word_1_82' title='bbox 2746 1699 2909 1757; x_wconf 90' lang='lat' dir='ltr'>tunc</span> 
     </span>
     <span class='ocr_line' id='line_1_12' title="bbox 572 1787 2907 1888; baseline 0 -25"><span class='ocrx_word' id='word_1_83' title='bbox 572 1787 924 1865; x_wconf 89' lang='lat' dir='ltr'>Dardanos</span> <span class='ocrx_word' id='word_1_84' title='bbox 970 1799 1364 1887; x_wconf 86' lang='lat' dir='ltr'>profligavit</span> <span class='ocrx_word' id='word_1_85' title='bbox 1388 1798 1468 1887; x_wconf 86' lang='lat'>3).</span> <span class='ocrx_word' id='word_1_86' title='bbox 1559 1799 1800 1865; x_wconf 87' lang='lat' dir='ltr'>Altera</span> <span class='ocrx_word' id='word_1_87' title='bbox 1867 1800 2211 1888; x_wconf 71' lang='lat' dir='ltr'>expeditio</span> <span class='ocrx_word' id='word_1_88' title='bbox 2272 1801 2465 1865; x_wconf 92' lang='lat' dir='ltr'>nobis</span> <span class='ocrx_word' id='word_1_89' title='bbox 2510 1820 2907 1865; x_wconf 91' lang='lat' dir='ltr'>commemo-</span> 
     </span>
     <span class='ocr_line' id='line_1_13' title="bbox 569 1906 2907 1995; baseline 0 -25"><span class='ocrx_word' id='word_1_90' title='bbox 569 1913 721 1972; x_wconf 88' lang='lat' dir='ltr'>rata</span> <span class='ocrx_word' id='word_1_91' title='bbox 768 1913 874 1975; x_wconf 87' lang='lat' dir='ltr'>est</span> <span class='ocrx_word' id='word_1_92' title='bbox 917 1907 1006 1972; x_wconf 90' lang='lat' dir='ltr'>ad</span> <span class='ocrx_word' id='word_1_93' title='bbox 1048 1929 1302 1972; x_wconf 89' lang='lat' dir='ltr'>annum</span> <span class='ocrx_word' id='word_1_94' title='bbox 1347 1909 1496 1972; x_wconf 81' lang='lat'>345.</span> <span class='ocrx_word' id='word_1_95' title='bbox 1546 1907 1694 1972; x_wconf 91' lang='lat' dir='ltr'>Hoc</span> <span class='ocrx_word' id='word_1_96' title='bbox 1742 1929 1919 1973; x_wconf 89' lang='lat' dir='ltr'>anno</span> <span class='ocrx_word' id='word_1_97' title='bbox 1967 1909 2151 1972; x_wconf 91' lang='lat' dir='ltr'>enim</span> <span class='ocrx_word' id='word_1_98' title='bbox 2173 1906 2528 1995; x_wconf 89' lang='lat' dir='ltr'>Philippus</span> <span class='ocrx_word' id='word_1_99' title='bbox 2553 1928 2907 1993; x_wconf 85' lang='lat' dir='ltr'>aggressus</span> 
     </span>
     <span class='ocr_line' id='line_1_14' title="bbox 573 2012 2910 2102; baseline 0 -25"><span class='ocrx_word' id='word_1_100' title='bbox 573 2020 675 2078; x_wconf 90' lang='lat' dir='ltr'>est</span> <span class='ocrx_word' id='word_1_101' title='bbox 718 2016 1015 2102; x_wconf 87' lang='lat' dir='ltr'>primum</span> <span class='ocrx_word' id='word_1_102' title='bbox 1066 2012 1335 2100; x_wconf 85' lang='lat' dir='ltr'>Illyrios</span> <span class='ocrx_word' id='word_1_103' title='bbox 1378 2021 1447 2079; x_wconf 90' lang='lat' dir='ltr'>et</span> <span class='ocrx_word' id='word_1_104' title='bbox 1468 2015 1828 2079; x_wconf 86' lang='lat' dir='ltr'>Dardanos</span> <span class='ocrx_word' id='word_1_105' title='bbox 1851 2013 1920 2097; x_wconf 73' lang='lat'>4),</span> <span class='ocrx_word' id='word_1_106' title='bbox 1943 2021 2092 2079; x_wconf 91' lang='lat' dir='ltr'>tum</span> <span class='ocrx_word' id='word_1_107' title='bbox 2115 2013 2469 2097; x_wconf 81' lang='lat' dir='ltr'>Triballos‚</span> <span class='ocrx_word' id='word_1_108' title='bbox 2499 2035 2663 2099; x_wconf 89' lang='lat' dir='ltr'>quos</span> <span class='ocrx_word' id='word_1_109' title='bbox 2687 2015 2910 2099; x_wconf 90' lang='lat' dir='ltr'>coegit</span> 
     </span>
     <span class='ocr_line' id='line_1_15' title="bbox 572 2121 2908 2209; baseline -0 -24"><span class='ocrx_word' id='word_1_110' title='bbox 572 2143 797 2191; x_wconf 89' lang='lat' dir='ltr'>secum</span> <span class='ocrx_word' id='word_1_111' title='bbox 845 2123 1233 2186; x_wconf 89' lang='lat' dir='ltr'>societatem</span> <span class='ocrx_word' id='word_1_112' title='bbox 1279 2123 1449 2187; x_wconf 88' lang='lat' dir='ltr'>inire</span> <span class='ocrx_word' id='word_1_113' title='bbox 1476 2126 1546 2202; x_wconf 81' lang='lat'>5).</span> <span class='ocrx_word' id='word_1_114' title='bbox 1595 2121 1958 2209; x_wconf 88' lang='lat' dir='ltr'>Expeditio</span> <span class='ocrx_word' id='word_1_115' title='bbox 2005 2128 2241 2187; x_wconf 91' lang='lat' dir='ltr'>contra</span> <span class='ocrx_word' id='word_1_116' title='bbox 2288 2122 2567 2187; x_wconf 87' lang='lat' dir='ltr'>Orbelos</span> <span class='ocrx_word' id='word_1_117' title='bbox 2616 2126 2908 2186; x_wconf 89' lang='lat' dir='ltr'>aetatem</span> 
     </span>
     <span class='ocr_line' id='line_1_16' title="bbox 570 2226 2906 2316; baseline 0 -24"><span class='ocrx_word' id='word_1_118' title='bbox 570 2229 731 2293; x_wconf 87' lang='lat' dir='ltr'>tulit</span> <span class='ocrx_word' id='word_1_119' title='bbox 774 2229 1067 2315; x_wconf 85' lang='lat' dir='ltr'>quidem,</span> <span class='ocrx_word' id='word_1_120' title='bbox 1111 2235 1343 2294; x_wconf 91' lang='lat' dir='ltr'>tamen</span> <span class='ocrx_word' id='word_1_121' title='bbox 1390 2229 1562 2294; x_wconf 90' lang='lat' dir='ltr'>nihil</span> <span class='ocrx_word' id='word_1_122' title='bbox 1607 2230 1693 2294; x_wconf 91' lang='lat' dir='ltr'>de</span> <span class='ocrx_word' id='word_1_123' title='bbox 1739 2228 1867 2294; x_wconf 88' lang='lat' dir='ltr'>hac</span> <span class='ocrx_word' id='word_1_124' title='bbox 1912 2251 1986 2293; x_wconf 92' lang='lat' dir='ltr'>re</span> <span class='ocrx_word' id='word_1_125' title='bbox 2031 2235 2453 2316; x_wconf 90' lang='lat' dir='ltr'>compertum</span> <span class='ocrx_word' id='word_1_126' title='bbox 2476 2228 2804 2292; x_wconf 78' lang='lat' dir='ltr'>habemus</span> <span class='ocrx_word' id='word_1_127' title='bbox 2832 2226 2906 2313; x_wconf 82' lang='grc'>6).</span> 
     </span>
    </p>

    <p class='ocr_par' dir='ltr' id='par_1_5' title="bbox 569 2333 2910 2853">
     <span class='ocr_line' id='line_1_17' title="bbox 661 2333 2908 2422; baseline -0.001 -22"><span class='ocrx_word' id='word_1_128' title='bbox 661 2335 798 2400; x_wconf 85' lang='lat' dir='ltr'>Sed</span> <span class='ocrx_word' id='word_1_129' title='bbox 867 2337 1143 2400; x_wconf 88' lang='lat' dir='ltr'>maximi</span> <span class='ocrx_word' id='word_1_130' title='bbox 1210 2336 1535 2401; x_wconf 90' lang='lat' dir='ltr'>momenti</span> <span class='ocrx_word' id='word_1_131' title='bbox 1601 2333 1737 2400; x_wconf 88' lang='lat' dir='ltr'>fuit</span> <span class='ocrx_word' id='word_1_132' title='bbox 1806 2357 2024 2400; x_wconf 91' lang='lat' dir='ltr'>annus</span> <span class='ocrx_word' id='word_1_133' title='bbox 2104 2336 2257 2418; x_wconf 86' lang='lat'><strong>339,</strong></span> <span class='ocrx_word' id='word_1_134' title='bbox 2327 2357 2484 2400; x_wconf 92' lang='lat' dir='ltr'>cum</span> <span class='ocrx_word' id='word_1_135' title='bbox 2551 2334 2908 2422; x_wconf 90' lang='lat' dir='ltr'>Philippus</span> 
     </span>
     <span class='ocr_line' id='line_1_18' title="bbox 570 2441 2907 2531; baseline -0 -24"><span class='ocrx_word' id='word_1_136' title='bbox 570 2449 930 2530; x_wconf 87' lang='lat' dir='ltr'>postquam</span> <span class='ocrx_word' id='word_1_137' title='bbox 998 2441 1252 2507; x_wconf 84' lang='lat' dir='ltr'>frustra</span> <span class='ocrx_word' id='word_1_138' title='bbox 1320 2444 1750 2531; x_wconf 86' lang='lat' dir='ltr'>oppugnavit</span> <span class='ocrx_word' id='word_1_139' title='bbox 1817 2444 2246 2528; x_wconf 72' lang='lat' dir='ltr'>Byzantium,</span> <span class='ocrx_word' id='word_1_140' title='bbox 2315 2448 2551 2507; x_wconf 89' lang='lat' dir='ltr'>contra</span> <span class='ocrx_word' id='word_1_141' title='bbox 2619 2441 2907 2528; x_wconf 85' lang='lat' dir='ltr'>Scythas</span> 
     </span>
     <span class='ocr_line' id='line_1_19' title="bbox 571 2549 2906 2637; baseline -0 -23"><span class='ocrx_word' id='word_1_142' title='bbox 571 2552 686 2637; x_wconf 87' lang='lat' dir='ltr'>qui</span> <span class='ocrx_word' id='word_1_143' title='bbox 755 2551 944 2615; x_wconf 87' lang='lat' dir='ltr'>sedes</span> <span class='ocrx_word' id='word_1_144' title='bbox 1004 2550 1353 2616; x_wconf 85' lang='lat' dir='ltr'>habebant</span> <span class='ocrx_word' id='word_1_145' title='bbox 1420 2550 1507 2614; x_wconf 91' lang='lat' dir='ltr'>ad</span> <span class='ocrx_word' id='word_1_146' title='bbox 1577 2551 1795 2637; x_wconf 92' lang='lat' dir='ltr'>ripam</span> <span class='ocrx_word' id='word_1_147' title='bbox 1860 2551 2167 2617; x_wconf 79' lang='lat' dir='ltr'>dextram</span> <span class='ocrx_word' id='word_1_148' title='bbox 2228 2551 2526 2616; x_wconf 84' lang='lat' dir='ltr'>Danuvii</span> <span class='ocrx_word' id='word_1_149' title='bbox 2589 2549 2906 2631; x_wconf 78' lang='lat' dir='ltr'>fluminiS,</span> 
     </span>
     <span class='ocr_line' id='line_1_20' title="bbox 569 2656 2910 2746; baseline 0 -24"><span class='ocrx_word' id='word_1_150' title='bbox 569 2656 866 2724; x_wconf 90' lang='lat' dir='ltr'>Pontum</span> <span class='ocrx_word' id='word_1_151' title='bbox 926 2681 1181 2739; x_wconf 85' lang='lat' dir='ltr'>versus,</span> <span class='ocrx_word' id='word_1_152' title='bbox 1223 2659 1296 2723; x_wconf 92' lang='lat' dir='ltr'>in</span> <span class='ocrx_word' id='word_1_153' title='bbox 1332 2657 1738 2746; x_wconf 82' lang='lat' dir='ltr'>paeninsula</span> <span class='ocrx_word' id='word_1_154' title='bbox 1783 2680 1958 2744; x_wconf 89' lang='lat' dir='ltr'>quae</span> <span class='ocrx_word' id='word_1_155' title='bbox 2004 2658 2207 2723; x_wconf 89' lang='lat' dir='ltr'>hodie</span> <span class='ocrx_word' id='word_1_156' title='bbox 2244 2656 2677 2723; x_wconf 91' lang='lat' dir='ltr'>Dobrutscha·</span> <span class='ocrx_word' id='word_1_157' title='bbox 2710 2678 2910 2722; x_wconf 85' lang='lat' dir='ltr'>voca-</span> 
     </span>
     <span class='ocr_line' id='line_1_21' title="bbox 569 2764 1341 2853; baseline 0.004 -25"><span class='ocrx_word' id='word_1_158' title='bbox 569 2771 700 2848; x_wconf 86' lang='lat' dir='ltr'>tur,</span> <span class='ocrx_word' id='word_1_159' title='bbox 748 2764 1093 2853; x_wconf 84' lang='lat' dir='ltr'>profectus</span> <span class='ocrx_word' id='word_1_160' title='bbox 1141 2773 1242 2830; x_wconf 89' lang='lat' dir='ltr'>est</span> <span class='ocrx_word' id='word_1_161' title='bbox 1267 2766 1341 2848; x_wconf 85' lang='lat'>⁷).</span> 
     </span>
    </p>

    <p class='ocr_par' dir='ltr' id='par_1_6' title="bbox 567 2870 2909 3173">
     <span class='ocr_line' id='line_1_22' title="bbox 660 2870 2909 2960; baseline -0 -23"><span class='ocrx_word' id='word_1_162' title='bbox 660 2873 800 2937; x_wconf 89' lang='lat' dir='ltr'>Nec</span> <span class='ocrx_word' id='word_1_163' title='bbox 846 2878 1076 2937; x_wconf 89' lang='lat' dir='ltr'>tamen</span> <span class='ocrx_word' id='word_1_164' title='bbox 1115 2880 1351 2938; x_wconf 89' lang='lat' dir='ltr'>contra</span> <span class='ocrx_word' id='word_1_165' title='bbox 1394 2872 1543 2937; x_wconf 91' lang='lat' dir='ltr'>illos</span> <span class='ocrx_word' id='word_1_166' title='bbox 1583 2874 1950 2958; x_wconf 86' lang='lat' dir='ltr'>quicquam</span> <span class='ocrx_word' id='word_1_167' title='bbox 1996 2872 2183 2937; x_wconf 89' lang='lat' dir='ltr'>aliud</span> <span class='ocrx_word' id='word_1_168' title='bbox 2218 2870 2528 2960; x_wconf 88' lang='lat' dir='ltr'>profecit,</span> <span class='ocrx_word' id='word_1_169' title='bbox 2574 2873 2705 2936; x_wconf 91' lang='lat' dir='ltr'>nisi</span> <span class='ocrx_word' id='word_1_170' title='bbox 2728 2871 2909 2957; x_wconf 87' lang='lat' dir='ltr'>quod</span> 
     </span>
     <span class='ocr_line' id='line_1_23' title="bbox 571 2978 2907 3066; baseline -0 -24"><span class='ocrx_word' id='word_1_171' title='bbox 571 3001 681 3045; x_wconf 84' lang='lat' dir='ltr'>eos</span> <span class='ocrx_word' id='word_1_172' title='bbox 727 2980 854 3045; x_wconf 89' lang='lat' dir='ltr'>hac</span> <span class='ocrx_word' id='word_1_173' title='bbox 899 2981 1345 3066; x_wconf 88' lang='lat' dir='ltr'>castigatione</span> <span class='ocrx_word' id='word_1_174' title='bbox 1388 2979 1753 3045; x_wconf 89' lang='lat' dir='ltr'>absterruit</span> <span class='ocrx_word' id='word_1_175' title='bbox 1798 2979 1883 3043; x_wconf 90' lang='lat' dir='ltr'>ab</span> <span class='ocrx_word' id='word_1_176' title='bbox 1931 2979 2393 3045; x_wconf 86' lang='lat' dir='ltr'>invasionibus</span> <span class='ocrx_word' id='word_1_177' title='bbox 2438 2981 2511 3043; x_wconf 91' lang='lat' dir='ltr'>in</span> <span class='ocrx_word' id='word_1_178' title='bbox 2533 2978 2907 3043; x_wconf 83' lang='lat' dir='ltr'>Thraciam.</span> 
     </span>
     <span class='ocr_line' id='line_1_24' title="bbox 567 3082 2909 3173; baseline -0 -22"><span class='ocrx_word' id='word_1_179' title='bbox 567 3088 719 3151; x_wconf 86' lang='lat' dir='ltr'>Rex</span> <span class='ocrx_word' id='word_1_180' title='bbox 757 3094 984 3152; x_wconf 85' lang='lat' dir='ltr'>autem</span> <span class='ocrx_word' id='word_1_181' title='bbox 1033 3087 1443 3173; x_wconf 80' lang='lat' dir='ltr'>Scytharum</span> <span class='ocrx_word' id='word_1_182' title='bbox 1488 3086 1696 3152; x_wconf 88' lang='lat' dir='ltr'>Ateas</span> <span class='ocrx_word' id='word_1_183' title='bbox 1742 3088 2239 3172; x_wconf 84' lang='lat' dir='ltr'>nonagenarius</span> <span class='ocrx_word' id='word_1_184' title='bbox 2278 3086 2420 3151; x_wconf 88' lang='lat' dir='ltr'>acie</span> <span class='ocrx_word' id='word_1_185' title='bbox 2457 3108 2689 3151; x_wconf 88' lang='lat' dir='ltr'>caesus</span> <span class='ocrx_word' id='word_1_186' title='bbox 2716 3091 2818 3149; x_wconf 89' lang='lat' dir='ltr'>est</span> <span class='ocrx_word' id='word_1_187' title='bbox 2838 3082 2909 3168; x_wconf 77' lang='lat'>⁸).</span> 
     </span>
    </p>

    <p class='ocr_par' dir='ltr' id='par_1_7' title="bbox 660 3191 2912 3281">
     <span class='ocr_line' id='line_1_25' title="bbox 660 3191 2912 3281; baseline -0.002 -22"><span class='ocrx_word' id='word_1_188' title='bbox 660 3194 795 3260; x_wconf 88' lang='lat' dir='ltr'>Sed</span> <span class='ocrx_word' id='word_1_189' title='bbox 842 3216 998 3259; x_wconf 91' lang='lat' dir='ltr'>cum</span> <span class='ocrx_word' id='word_1_190' title='bbox 1045 3195 1323 3259; x_wconf 92' lang='lat' dir='ltr'>domum</span> <span class='ocrx_word' id='word_1_191' title='bbox 1365 3194 1620 3259; x_wconf 91' lang='lat' dir='ltr'>rediret</span> <span class='ocrx_word' id='word_1_192' title='bbox 1664 3193 2022 3281; x_wconf 82' lang='lat' dir='ltr'>Philippus</span> <span class='ocrx_word' id='word_1_193' title='bbox 2067 3216 2191 3281; x_wconf 88' lang='lat' dir='ltr'>per</span> <span class='ocrx_word' id='word_1_194' title='bbox 2238 3214 2432 3279; x_wconf 87' lang='lat' dir='ltr'>agros</span> <span class='ocrx_word' id='word_1_195' title='bbox 2457 3191 2912 3258; x_wconf 85' lang='lat' dir='ltr'>Triballorum</span> 
     </span>
    </p>
   </div>
   <div class='ocr_carea' id='block_1_3' title="bbox 569 3340 992 3349">
    <p class='ocr_par' dir='ltr' id='par_1_8' title="bbox 569 3340 992 3349">
     <span class='ocr_line' id='line_1_26' title="bbox 569 3340 992 3349; baseline 0 2001"><span class='ocrx_word' id='word_1_196' title='bbox 569 3340 992 3349; x_wconf 95' lang='lat' dir='ltr'> </span> 
     </span>
    </p>
   </div>
   <div class='ocr_carea' id='block_1_4' title="bbox 564 3412 3001 4553">
    <p class='ocr_par' dir='ltr' id='par_1_9' title="bbox 567 3412 2915 3738">
     <span class='ocr_line' id='line_1_27' title="bbox 622 3412 2915 3486; baseline -0.001 -14"><span class='ocrx_word' id='word_1_197' title='bbox 622 3417 672 3484; x_wconf 83' lang='lat'>1)</span> <span class='ocrx_word' id='word_1_198' title='bbox 709 3417 861 3472; x_wconf 85' lang='lat' dir='ltr'>Orat.</span> <span class='ocrx_word' id='word_1_199' title='bbox 919 3419 1031 3470; x_wconf 81' lang='lat' dir='ltr'>Att.</span> <span class='ocrx_word' id='word_1_200' title='bbox 1091 3418 1143 3470; x_wconf 94' lang='lat' dir='ltr'>II</span> <span class='ocrx_word' id='word_1_201' title='bbox 1198 3434 1250 3486; x_wconf 89' lang='lat' dir='ltr'>p.</span> <span class='ocrx_word' id='word_1_202' title='bbox 1291 3415 1396 3469; x_wconf 82' lang='grc'>526</span> <span class='ocrx_word' id='word_1_203' title='bbox 1435 3417 1532 3470; x_wconf 93' lang='lat' dir='ltr'>ubi</span> <span class='ocrx_word' id='word_1_204' title='bbox 1569 3417 1771 3470; x_wconf 83' lang='lat' dir='ltr'>dicitur</span> <span class='ocrx_word' id='word_1_205' title='bbox 1809 3416 1877 3470; x_wconf 84' lang='lat' dir='ltr'>de</span> <span class='ocrx_word' id='word_1_206' title='bbox 1915 3416 2197 3485; x_wconf 88' lang='lat' dir='ltr'>Philippo:</span> <span class='ocrx_word' id='word_1_207' title='bbox 2247 3415 2500 3476; x_wconf 76' lang='grc' dir='ltr'><strong><em>Ἰλλυριοὺς</em></strong></span> <span class='ocrx_word' id='word_1_208' title='bbox 2535 3412 2915 3475; x_wconf 69' lang='grc' dir='ltr'>κατεστρέψατο</span> 
     </span>
     <span class='ocr_line' id='line_1_28' title="bbox 568 3503 2912 3574; baseline -0.001 -15"><span class='ocrx_word' id='word_1_209' title='bbox 568 3505 652 3559; x_wconf 77' lang='grc' dir='ltr'>καῖ</span> <span class='ocrx_word' id='word_1_210' title='bbox 687 3507 986 3569; x_wconf 76' lang='grc' dir='ltr'><strong><em>Τριβαλλοὺς</em></strong></span> <span class='ocrx_word' id='word_1_211' title='bbox 1023 3504 1107 3554; x_wconf 76' lang='grc' dir='ltr'>καῖ</span> <span class='ocrx_word' id='word_1_212' title='bbox 1141 3508 1357 3555; x_wconf 74' lang='grc' dir='ltr'><strong><em>Παιόνων</em></strong></span> <span class='ocrx_word' id='word_1_213' title='bbox 1392 3503 1666 3568; x_wconf 73' lang='grc' dir='ltr'>ἐκράτησεν,</span> <span class='ocrx_word' id='word_1_214' title='bbox 1703 3506 1798 3574; x_wconf 91' lang='lat' dir='ltr'>qui</span> <span class='ocrx_word' id='word_1_215' title='bbox 1833 3506 1990 3559; x_wconf 88' lang='lat' dir='ltr'>locus</span> <span class='ocrx_word' id='word_1_216' title='bbox 2030 3522 2162 3558; x_wconf 86' lang='lat' dir='ltr'>sane</span> <span class='ocrx_word' id='word_1_217' title='bbox 2180 3504 2389 3557; x_wconf 84' lang='lat' dir='ltr'>indicat</span> <span class='ocrx_word' id='word_1_218' title='bbox 2408 3504 2654 3557; x_wconf 82' lang='lat' dir='ltr'>Paeones</span> <span class='ocrx_word' id='word_1_219' title='bbox 2674 3503 2912 3556; x_wconf 84' lang='lat' dir='ltr'>clemen-</span> 
     </span>
     <span class='ocr_line' id='line_1_29' title="bbox 567 3584 2914 3663; baseline -0.003 -14"><span class='ocrx_word' id='word_1_220' title='bbox 567 3597 678 3649; x_wconf 84' lang='lat' dir='ltr'>tius</span> <span class='ocrx_word' id='word_1_221' title='bbox 734 3612 768 3647; x_wconf 90' lang='lat' dir='ltr'>a</span> <span class='ocrx_word' id='word_1_222' title='bbox 821 3594 1074 3662; x_wconf 90' lang='lat' dir='ltr'>Philippo</span> <span class='ocrx_word' id='word_1_223' title='bbox 1130 3584 1401 3648; x_wconf 79' lang='lat' dir='ltr'>tractatos</span> <span class='ocrx_word' id='word_1_224' title='bbox 1458 3612 1590 3648; x_wconf 84' lang='lat' dir='ltr'>esse.</span> <span class='ocrx_word' id='word_1_225' title='bbox 1652 3611 1820 3662; x_wconf 89' lang='lat' dir='ltr'>quam</span> <span class='ocrx_word' id='word_1_226' title='bbox 1872 3593 2119 3661; x_wconf 84' lang='lat' dir='ltr'>reliquae</span> <span class='ocrx_word' id='word_1_227' title='bbox 2157 3595 2353 3663; x_wconf 83' lang='lat' dir='ltr'>gentes</span> <span class='ocrx_word' id='word_1_228' title='bbox 2392 3592 2806 3661; x_wconf 84' lang='lat' dir='ltr'>Septentrionis.</span> <span class='ocrx_word' id='word_1_229' title='bbox 2846 3593 2914 3644; x_wconf 88' lang='lat' dir='ltr'>cf.</span> 
     </span>
     <span class='ocr_line' id='line_1_30' title="bbox 570 3683 1187 3738; baseline -0.002 0"><span class='ocrx_word' id='word_1_230' title='bbox 570 3684 752 3738; x_wconf 87' lang='lat' dir='ltr'>Schol.</span> <span class='ocrx_word' id='word_1_231' title='bbox 793 3685 948 3737; x_wconf 89' lang='lat' dir='ltr'>Dem.</span> <span class='ocrx_word' id='word_1_232' title='bbox 982 3683 1064 3737; x_wconf 83' lang='lat'>15.</span> <span class='ocrx_word' id='word_1_233' title='bbox 1103 3685 1187 3737; x_wconf 78' lang='lat'>27.</span> 
     </span>
    </p>

    <p class='ocr_par' dir='ltr' id='par_1_10' title="bbox 628 3770 1205 3842">
     <span class='ocr_line' id='line_1_31' title="bbox 628 3770 1205 3842; baseline -0.007 -17"><span class='ocrx_word' id='word_1_234' title='bbox 628 3770 678 3837; x_wconf 87' lang='lat'>2)</span> <span class='ocrx_word' id='word_1_235' title='bbox 714 3772 958 3826; x_wconf 85' lang='lat' dir='ltr'>Willcms</span> <span class='ocrx_word' id='word_1_236' title='bbox 993 3790 1046 3842; x_wconf 90' lang='lat' dir='ltr'>p.</span> <span class='ocrx_word' id='word_1_237' title='bbox 1085 3773 1205 3825; x_wconf 86' lang='lat'>360.</span> 
     </span>
    </p>

    <p class='ocr_par' dir='ltr' id='par_1_11' title="bbox 619 3859 2127 3931">
     <span class='ocr_line' id='line_1_32' title="bbox 619 3859 2127 3931; baseline 0.001 -18"><span class='ocrx_word' id='word_1_238' title='bbox 619 3859 668 3926; x_wconf 87' lang='lat'>3)</span> <span class='ocrx_word' id='word_1_239' title='bbox 705 3861 851 3914; x_wconf 88' lang='lat' dir='ltr'>Plut.</span> <span class='ocrx_word' id='word_1_240' title='bbox 892 3863 973 3915; x_wconf 87' lang='lat' dir='ltr'>Al.</span> <span class='ocrx_word' id='word_1_241' title='bbox 1017 3862 1066 3915; x_wconf 88' lang='lat'>3.</span> <span class='ocrx_word' id='word_1_242' title='bbox 1106 3862 1294 3916; x_wconf 79' lang='lat' dir='ltr'>Justin</span> <span class='ocrx_word' id='word_1_243' title='bbox 1333 3863 1415 3915; x_wconf 90' lang='grc'>12.</span> <span class='ocrx_word' id='word_1_244' title='bbox 1456 3863 1538 3916; x_wconf 88' lang='grc'>16.</span> <span class='ocrx_word' id='word_1_245' title='bbox 1577 3863 1632 3915; x_wconf 88' lang='grc'>6.</span> <span class='ocrx_word' id='word_1_246' title='bbox 1674 3863 1744 3916; x_wconf 85' lang='lat' dir='ltr'>cf.</span> <span class='ocrx_word' id='word_1_247' title='bbox 1781 3878 1954 3931; x_wconf 82' lang='lat' dir='ltr'>supra</span> <span class='ocrx_word' id='word_1_248' title='bbox 1987 3879 2040 3931; x_wconf 88' lang='lat' dir='ltr'>p.</span> <span class='ocrx_word' id='word_1_249' title='bbox 2077 3860 2127 3914; x_wconf 90' lang='lat'>8.</span> 
     </span>
    </p>

    <p class='ocr_par' dir='ltr' id='par_1_12' title="bbox 618 3948 2184 4020">
     <span class='ocr_line' id='line_1_33' title="bbox 618 3948 2184 4020; baseline -0.002 -16"><span class='ocrx_word' id='word_1_250' title='bbox 618 3948 664 4016; x_wconf 84' lang='lat'>4)</span> <span class='ocrx_word' id='word_1_251' title='bbox 702 3950 886 4004; x_wconf 84' lang='lat' dir='ltr'>Justin</span> <span class='ocrx_word' id='word_1_252' title='bbox 927 3951 977 4003; x_wconf 88' lang='grc'>8.</span> <span class='ocrx_word' id='word_1_253' title='bbox 1017 3952 1065 4004; x_wconf 96' lang='grc'>6.</span> <span class='ocrx_word' id='word_1_254' title='bbox 1106 3952 1155 4004; x_wconf 94' lang='grc'>2.</span> <span class='ocrx_word' id='word_1_255' title='bbox 1192 3951 1349 4005; x_wconf 87' lang='lat' dir='ltr'>Diod.</span> <span class='ocrx_word' id='word_1_256' title='bbox 1391 3952 1473 4004; x_wconf 86' lang='lat'>16.</span> <span class='ocrx_word' id='word_1_257' title='bbox 1511 3952 1596 4004; x_wconf 87' lang='grc'>69.</span> <span class='ocrx_word' id='word_1_258' title='bbox 1637 3952 1687 4005; x_wconf 85' lang='lat'>7.</span> <span class='ocrx_word' id='word_1_259' title='bbox 1727 3952 1791 4004; x_wconf 85' lang='lat' dir='ltr'>cf.</span> <span class='ocrx_word' id='word_1_260' title='bbox 1837 3968 2007 4020; x_wconf 85' lang='lat' dir='ltr'>supra</span> <span class='ocrx_word' id='word_1_261' title='bbox 2042 3968 2094 4020; x_wconf 89' lang='lat' dir='ltr'>p.</span> <span class='ocrx_word' id='word_1_262' title='bbox 2133 3949 2184 4003; x_wconf 87' lang='grc'><strong>8.</strong></span> 
     </span>
    </p>

    <p class='ocr_par' dir='ltr' id='par_1_13' title="bbox 566 4035 3001 4191">
     <span class='ocr_line' id='line_1_34' title="bbox 617 4035 3001 4116; baseline -0.002 -23"><span class='ocrx_word' id='word_1_263' title='bbox 617 4038 666 4105; x_wconf 85' lang='grc'>5)</span> <span class='ocrx_word' id='word_1_264' title='bbox 710 4039 1002 4109; x_wconf 86' lang='lat' dir='ltr'>Syncellus</span> <span class='ocrx_word' id='word_1_265' title='bbox 1037 4058 1091 4110; x_wconf 92' lang='lat' dir='ltr'>p.</span> <span class='ocrx_word' id='word_1_266' title='bbox 1129 4040 1247 4093; x_wconf 84' lang='lat'>265.</span> <span class='ocrx_word' id='word_1_267' title='bbox 1286 4041 1486 4094; x_wconf 72' lang='lat' dir='ltr'>Muller</span> <span class='ocrx_word' id='word_1_268' title='bbox 1520 4041 1579 4094; x_wconf 82' lang='lat' dir='ltr'>F.</span> <span class='ocrx_word' id='word_1_269' title='bbox 1617 4041 1682 4094; x_wconf 85' lang='grc' dir='ltr'>Η.</span> <span class='ocrx_word' id='word_1_270' title='bbox 1722 4041 1782 4095; x_wconf 82' lang='lat' dir='ltr'>G.</span> <span class='ocrx_word' id='word_1_271' title='bbox 1823 4041 1908 4093; x_wconf 94' lang='lat' dir='ltr'>III</span> <span class='ocrx_word' id='word_1_272' title='bbox 1944 4039 2065 4094; x_wconf 90' lang='grc'><strong>691.</strong></span> <span class='ocrx_word' id='word_1_273' title='bbox 2115 4038 2339 4102; x_wconf 73' lang='grc' dir='ltr'><strong><em>μεγάλην</em></strong></span> <span class='ocrx_word' id='word_1_274' title='bbox 2377 4038 2679 4100; x_wconf 71' lang='grc' dir='ltr'>κτησάμενος</span> <span class='ocrx_word' id='word_1_275' title='bbox 2715 4035 2917 4099; x_wconf 73' lang='grc' dir='ltr'><strong><em>δύναμιν</em></strong></span> <span class='ocrx_word' id='word_1_276' title='bbox 2999 4114 3001 4116; x_wconf 6' lang='grc' dir='ltr'>μ</span> 
     </span>
     <span class='ocr_line' id='line_1_35' title="bbox 566 4126 1888 4191; baseline -0.005 -4"><span class='ocrx_word' id='word_1_277' title='bbox 566 4127 652 4177; x_wconf 62' lang='grc' dir='ltr'>καῖ</span> <span class='ocrx_word' id='word_1_278' title='bbox 686 4137 729 4177; x_wconf 92' lang='lat' dir='ltr'>T</span> <span class='ocrx_word' id='word_1_279' title='bbox 730 4131 988 4191; x_wconf 70' lang='grc' dir='ltr'><strong><em>Ριβαλλοῦς</em></strong></span> <span class='ocrx_word' id='word_1_280' title='bbox 1023 4126 1285 4190; x_wconf 73' lang='grc' dir='ltr'><strong>ὖποτάξας.</strong></span> <span class='ocrx_word' id='word_1_281' title='bbox 1323 4131 1604 4184; x_wconf 84' lang='lat' dir='ltr'>Demosth.</span> <span class='ocrx_word' id='word_1_282' title='bbox 1645 4129 1765 4183; x_wconf 89' lang='grc'><strong>240.</strong></span> <span class='ocrx_word' id='word_1_283' title='bbox 1805 4129 1888 4182; x_wconf 90' lang='grc'><strong>20.</strong></span> 
     </span>
    </p>

    <p class='ocr_par' dir='ltr' id='par_1_14' title="bbox 620 4217 1271 4288">
     <span class='ocr_line' id='line_1_36' title="bbox 620 4217 1271 4288; baseline 0.003 -17"><span class='ocrx_word' id='word_1_284' title='bbox 620 4217 666 4284; x_wconf 80' lang='grc'>6)</span> <span class='ocrx_word' id='word_1_285' title='bbox 705 4218 966 4288; x_wconf 88' lang='lat' dir='ltr'>Polyaen.</span> <span class='ocrx_word' id='word_1_286' title='bbox 1006 4221 1056 4273; x_wconf 90' lang='grc'><strong>4.</strong></span> <span class='ocrx_word' id='word_1_287' title='bbox 1097 4220 1145 4272; x_wconf 90' lang='grc'><strong>2.</strong></span> <span class='ocrx_word' id='word_1_288' title='bbox 1187 4221 1271 4273; x_wconf 86' lang='grc'>16.</span> 
     </span>
    </p>

    <p class='ocr_par' dir='ltr' id='par_1_15' title="bbox 564 4301 2920 4467">
     <span class='ocr_line' id='line_1_37' title="bbox 618 4301 2920 4369; baseline -0.003 -10"><span class='ocrx_word' id='word_1_289' title='bbox 618 4307 664 4369; x_wconf 84' lang='grc'>’7)</span> <span class='ocrx_word' id='word_1_290' title='bbox 704 4307 907 4362; x_wconf 77' lang='lat' dir='ltr'>Strabo</span> <span class='ocrx_word' id='word_1_291' title='bbox 962 4308 1082 4362; x_wconf 86' lang='lat'>318.</span> <span class='ocrx_word' id='word_1_292' title='bbox 1140 4307 1227 4357; x_wconf 75' lang='grc' dir='ltr'>καὶ</span> <span class='ocrx_word' id='word_1_293' title='bbox 1282 4310 1351 4357; x_wconf 72' lang='grc' dir='ltr'>τὰ</span> <span class='ocrx_word' id='word_1_294' title='bbox 1401 4309 1487 4366; x_wconf 64' lang='grc' dir='ltr'>ἕλη</span> <span class='ocrx_word' id='word_1_295' title='bbox 1525 4309 1594 4357; x_wconf 70' lang='grc' dir='ltr'>τὰ</span> <span class='ocrx_word' id='word_1_296' title='bbox 1647 4311 1738 4364; x_wconf 75' lang='grc' dir='ltr'>τῆς</span> <span class='ocrx_word' id='word_1_297' title='bbox 1789 4312 1963 4369; x_wconf 72' lang='grc' dir='ltr'><strong><em>μικρᾶς</em></strong></span> <span class='ocrx_word' id='word_1_298' title='bbox 2017 4304 2313 4368; x_wconf 73' lang='grc' dir='ltr'><strong><em>καλουμένης</em></strong></span> <span class='ocrx_word' id='word_1_299' title='bbox 2361 4306 2572 4362; x_wconf 65' lang='grc' dir='ltr'><strong><em>Σκυθίας</em></strong></span> <span class='ocrx_word' id='word_1_300' title='bbox 2640 4308 2730 4362; x_wconf 72' lang='grc' dir='ltr'>τῆς</span> <span class='ocrx_word' id='word_1_301' title='bbox 2780 4301 2920 4363; x_wconf 76' lang='grc' dir='ltr'><strong><em>’ἐντος</em></strong></span> 
     </span>
     <span class='ocr_line' id='line_1_38' title="bbox 564 4396 2008 4467; baseline 0.004 -23"><span class='ocrx_word' id='word_1_302' title='bbox 564 4402 775 4457; x_wconf 58' lang='grc' dir='ltr'><strong>Ἴστρου.</strong></span> <span class='ocrx_word' id='word_1_303' title='bbox 813 4397 970 4451; x_wconf 88' lang='lat' dir='ltr'>Diod.</span> <span class='ocrx_word' id='word_1_304' title='bbox 1010 4398 1093 4451; x_wconf 86' lang='lat'>16.</span> <span class='ocrx_word' id='word_1_305' title='bbox 1136 4398 1184 4450; x_wconf 90' lang='lat'>1.</span> <span class='ocrx_word' id='word_1_306' title='bbox 1224 4398 1273 4451; x_wconf 81' lang='lat'>5.</span> <span class='ocrx_word' id='word_1_307' title='bbox 1311 4398 1565 4451; x_wconf 84' lang='lat' dir='ltr'>Aeschin.</span> <span class='ocrx_word' id='word_1_308' title='bbox 1605 4397 1847 4467; x_wconf 75' lang='lat' dir='ltr'>ctesiph.</span> <span class='ocrx_word' id='word_1_309' title='bbox 1889 4396 2008 4450; x_wconf 91' lang='grc'><strong>128.</strong></span> 
     </span>
    </p>

    <p class='ocr_par' dir='ltr' id='par_1_16' title="bbox 617 4483 1871 4553">
     <span class='ocr_line' id='line_1_39' title="bbox 617 4483 1871 4553; baseline 0.001 -15"><span class='ocrx_word' id='word_1_310' title='bbox 617 4483 665 4553; x_wconf 83' lang='grc'>8)</span> <span class='ocrx_word' id='word_1_311' title='bbox 700 4483 910 4539; x_wconf 88' lang='lat' dir='ltr'>Lucian</span> <span class='ocrx_word' id='word_1_312' title='bbox 946 4487 1186 4540; x_wconf 85' lang='lat' dir='ltr'>Macrob.</span> <span class='ocrx_word' id='word_1_313' title='bbox 1230 4488 1312 4540; x_wconf 89' lang='lat'>10.</span> <span class='ocrx_word' id='word_1_314' title='bbox 1355 4487 1615 4541; x_wconf 85' lang='lat' dir='ltr'>Schaefer</span> <span class='ocrx_word' id='word_1_315' title='bbox 1662 4487 1712 4539; x_wconf 83' lang='lat'>2.</span> <span class='ocrx_word' id='word_1_316' title='bbox 1751 4485 1871 4539; x_wconf 82' lang='grc'><strong>521.</strong></span> 
     </span>
    </p>
   </div>
  </div>
 </body>
</html>
