<?xml version="1.0" encoding="UTF-8"?>
<!DOCTYPE html PUBLIC "-//W3C//DTD XHTML 1.0 Transitional//EN"
    "http://www.w3.org/TR/xhtml1/DTD/xhtml1-transitional.dtd">
<html xmlns="http://www.w3.org/1999/xhtml" xml:lang="en" lang="en">
 <head>
  <title>
</title>
<meta http-equiv="Content-Type" content="text/html;charset=utf-8" />
  <meta name='ocr-system' content='tesseract 3.04.00' />
  <meta name='ocr-capabilities' content='ocr_page ocr_carea ocr_par ocr_line ocrx_word'/>
</head>
<body>
  <div class='ocr_page' id='page_1' title='image "./definibusregnim01breegoog_0264.png"; bbox 0 0 3338 5350; ppageno 0'>
   <div class='ocr_carea' id='block_1_1' title="bbox 1628 519 1754 582">
    <p class='ocr_par' dir='ltr' id='par_1_1' title="bbox 1628 519 1754 582">
     <span class='ocr_line' id='line_1_1' title="bbox 1628 519 1754 582; baseline 0 0"><span class='ocrx_word' id='word_1_1' title='bbox 1628 519 1754 582; x_wconf 88' lang='grc'>166</span> 
     </span>
    </p>
   </div>
   <div class='ocr_carea' id='block_1_2' title="bbox 518 713 2953 3676">
    <p class='ocr_par' dir='ltr' id='par_1_2' title="bbox 518 713 2858 1231">
     <span class='ocr_line' id='line_1_2' title="bbox 518 713 2856 800; baseline 0.001 -21"><span class='ocrx_word' id='word_1_2' title='bbox 518 737 817 780; x_wconf 89' lang='lat' dir='ltr'>summus</span> <span class='ocrx_word' id='word_1_3' title='bbox 887 716 1026 781; x_wconf 85' lang='lat' dir='ltr'>dux</span> <span class='ocrx_word' id='word_1_4' title='bbox 1093 714 1227 780; x_wconf 89' lang='lat' dir='ltr'>fuit</span> <span class='ocrx_word' id='word_1_5' title='bbox 1254 715 1323 797; x_wconf 77' lang='lat'>¹).</span> <span class='ocrx_word' id='word_1_6' title='bbox 1394 714 1625 779; x_wconf 87' lang='lat' dir='ltr'>Etiam</span> <span class='ocrx_word' id='word_1_7' title='bbox 1693 713 2079 800; x_wconf 70' lang='lat' dir='ltr'>Antigonus</span> <span class='ocrx_word' id='word_1_8' title='bbox 2147 738 2286 799; x_wconf 85' lang='lat' dir='ltr'>rex,</span> <span class='ocrx_word' id='word_1_9' title='bbox 2354 723 2421 781; x_wconf 87' lang='lat' dir='ltr'>et</span> <span class='ocrx_word' id='word_1_10' title='bbox 2481 716 2856 783; x_wconf 72' lang='lat' dir='ltr'><strong>Antiochus</strong></span> 
     </span>
     <span class='ocr_line' id='line_1_3' title="bbox 519 807 2857 910; baseline 0.001 -23"><span class='ocrx_word' id='word_1_11' title='bbox 519 825 895 909; x_wconf 79' lang='lat' dir='ltr'>quingenos</span> <span class='ocrx_word' id='word_1_12' title='bbox 940 823 1189 887; x_wconf 75' lang='lat' dir='ltr'><strong>milites</strong></span> <span class='ocrx_word' id='word_1_13' title='bbox 1229 807 1574 905; x_wconf 84' lang='lat' dir='ltr'>miserunt,</span> <span class='ocrx_word' id='word_1_14' title='bbox 1624 822 1947 907; x_wconf 85' lang='lat' dir='ltr'>exiguum</span> <span class='ocrx_word' id='word_1_15' title='bbox 1990 844 2346 889; x_wconf 89' lang='lat' dir='ltr'>numerum</span> <span class='ocrx_word' id='word_1_16' title='bbox 2395 824 2691 910; x_wconf 89' lang='lat' dir='ltr'>quidem,</span> <span class='ocrx_word' id='word_1_17' title='bbox 2738 825 2857 889; x_wconf 91' lang='lat' dir='ltr'>sed</span> 
     </span>
     <span class='ocr_line' id='line_1_4' title="bbox 520 929 2858 1019; baseline 0 -24"><span class='ocrx_word' id='word_1_18' title='bbox 520 953 672 996; x_wconf 91' lang='lat' dir='ltr'>cum</span> <span class='ocrx_word' id='word_1_19' title='bbox 720 932 900 996; x_wconf 90' lang='lat' dir='ltr'>inter</span> <span class='ocrx_word' id='word_1_20' title='bbox 944 952 1016 995; x_wconf 90' lang='lat' dir='ltr'>se</span> <span class='ocrx_word' id='word_1_21' title='bbox 1059 929 1414 1010; x_wconf 80' lang='lat' dir='ltr'>bellarent,</span> <span class='ocrx_word' id='word_1_22' title='bbox 1464 934 1992 994; x_wconf 88' lang='lat' dir='ltr'>consentaneum</span> <span class='ocrx_word' id='word_1_23' title='bbox 2024 936 2124 994; x_wconf 88' lang='lat' dir='ltr'>est</span> <span class='ocrx_word' id='word_1_24' title='bbox 2148 931 2472 1017; x_wconf 87' lang='lat' dir='ltr'>suspicari</span> <span class='ocrx_word' id='word_1_25' title='bbox 2499 953 2609 996; x_wconf 89' lang='lat' dir='ltr'>eos</span> <span class='ocrx_word' id='word_1_26' title='bbox 2633 930 2858 1019; x_wconf 91' lang='lat' dir='ltr'>plures</span> 
     </span>
     <span class='ocr_line' id='line_1_5' title="bbox 519 1035 2856 1125; baseline -0.001 -21"><span class='ocrx_word' id='word_1_27' title='bbox 519 1041 788 1104; x_wconf 88' lang='lat' dir='ltr'>mittere</span> <span class='ocrx_word' id='word_1_28' title='bbox 833 1059 971 1104; x_wconf 91' lang='lat' dir='ltr'>non</span> <span class='ocrx_word' id='word_1_29' title='bbox 1025 1037 1326 1125; x_wconf 85' lang='lat' dir='ltr'>potuisse</span> <span class='ocrx_word' id='word_1_30' title='bbox 1351 1036 1425 1120; x_wconf 79' lang='lat'>2).</span> <span class='ocrx_word' id='word_1_31' title='bbox 1490 1035 1710 1101; x_wconf 85' lang='lat' dir='ltr'>Simul</span> <span class='ocrx_word' id='word_1_32' title='bbox 1771 1044 1999 1101; x_wconf 88' lang='lat' dir='ltr'>autem</span> <span class='ocrx_word' id='word_1_33' title='bbox 2044 1037 2213 1103; x_wconf 90' lang='lat' dir='ltr'>haec</span> <span class='ocrx_word' id='word_1_34' title='bbox 2255 1060 2362 1102; x_wconf 91' lang='lat' dir='ltr'>res</span> <span class='ocrx_word' id='word_1_35' title='bbox 2394 1044 2626 1103; x_wconf 87' lang='lat' dir='ltr'>monet</span> <span class='ocrx_word' id='word_1_36' title='bbox 2660 1038 2856 1104; x_wconf 87' lang='lat' dir='ltr'>Anti-</span> 
     </span>
     <span class='ocr_line' id='line_1_6' title="bbox 521 1144 2368 1231; baseline -0.001 -20"><span class='ocrx_word' id='word_1_37' title='bbox 521 1147 767 1211; x_wconf 82' lang='lat' dir='ltr'><strong>ochum</strong></span> <span class='ocrx_word' id='word_1_38' title='bbox 813 1146 1019 1209; x_wconf 89' lang='lat' dir='ltr'>etiam</span> <span class='ocrx_word' id='word_1_39' title='bbox 1061 1165 1245 1208; x_wconf 91' lang='lat' dir='ltr'>nunc</span> <span class='ocrx_word' id='word_1_40' title='bbox 1290 1144 1378 1209; x_wconf 90' lang='lat' dir='ltr'>ad</span> <span class='ocrx_word' id='word_1_41' title='bbox 1422 1165 1529 1208; x_wconf 89' lang='lat' dir='ltr'>res</span> <span class='ocrx_word' id='word_1_42' title='bbox 1574 1144 1647 1206; x_wconf 92' lang='lat' dir='ltr'>in</span> <span class='ocrx_word' id='word_1_43' title='bbox 1692 1144 1970 1231; x_wconf 85' lang='lat' dir='ltr'>Europa</span> <span class='ocrx_word' id='word_1_44' title='bbox 2014 1151 2368 1231; x_wconf 74' lang='lat' dir='ltr'>spectasse.</span> 
     </span>
    </p>

    <p class='ocr_par' dir='ltr' id='par_1_3' title="bbox 519 1250 2860 1555">
     <span class='ocr_line' id='line_1_7' title="bbox 609 1250 2858 1338; baseline 0 -20"><span class='ocrx_word' id='word_1_45' title='bbox 609 1252 858 1318; x_wconf 87' lang='lat' dir='ltr'>Variae</span> <span class='ocrx_word' id='word_1_46' title='bbox 919 1258 1074 1317; x_wconf 91' lang='lat' dir='ltr'>sunt</span> <span class='ocrx_word' id='word_1_47' title='bbox 1139 1250 1490 1338; x_wconf 85' lang='lat' dir='ltr'>opiniones</span> <span class='ocrx_word' id='word_1_48' title='bbox 1545 1250 1847 1315; x_wconf 86' lang='lat' dir='ltr'>virorum</span> <span class='ocrx_word' id='word_1_49' title='bbox 1894 1251 2244 1316; x_wconf 89' lang='lat' dir='ltr'>doctorum</span> <span class='ocrx_word' id='word_1_50' title='bbox 2291 1252 2377 1316; x_wconf 92' lang='lat' dir='ltr'>de</span> <span class='ocrx_word' id='word_1_51' title='bbox 2412 1253 2517 1316; x_wconf 89' lang='lat' dir='ltr'>his</span> <span class='ocrx_word' id='word_1_52' title='bbox 2562 1253 2858 1318; x_wconf 90' lang='lat' dir='ltr'>numeris</span> 
     </span>
     <span class='ocr_line' id='line_1_8' title="bbox 523 1341 2860 1441; baseline -0 -15"><span class='ocrx_word' id='word_1_53' title='bbox 523 1383 562 1426; x_wconf 86' lang='lat' dir='ltr'>a</span> <span class='ocrx_word' id='word_1_54' title='bbox 622 1341 963 1425; x_wconf 83' lang='lat' dir='ltr'>Pausania</span> <span class='ocrx_word' id='word_1_55' title='bbox 1022 1358 1311 1441; x_wconf 86' lang='lat' dir='ltr'>traditis,</span> <span class='ocrx_word' id='word_1_56' title='bbox 1377 1358 1461 1422; x_wconf 94' lang='lat' dir='ltr'>de</span> <span class='ocrx_word' id='word_1_57' title='bbox 1518 1351 1768 1423; x_wconf 81' lang='lat' dir='ltr'>auxilio</span> <span class='ocrx_word' id='word_1_58' title='bbox 1816 1357 1956 1423; x_wconf 87' lang='lat' dir='ltr'>lato</span> <span class='ocrx_word' id='word_1_59' title='bbox 2005 1365 2071 1422; x_wconf 89' lang='lat' dir='ltr'>et</span> <span class='ocrx_word' id='word_1_60' title='bbox 2116 1379 2256 1424; x_wconf 91' lang='lat' dir='ltr'>non</span> <span class='ocrx_word' id='word_1_61' title='bbox 2299 1358 2439 1424; x_wconf 88' lang='lat' dir='ltr'>lato</span> <span class='ocrx_word' id='word_1_62' title='bbox 2488 1382 2529 1423; x_wconf 91' lang='lat' dir='ltr'>a</span> <span class='ocrx_word' id='word_1_63' title='bbox 2575 1359 2860 1425; x_wconf 89' lang='lat' dir='ltr'>diversis</span> 
     </span>
     <span class='ocr_line' id='line_1_9' title="bbox 519 1467 858 1555; baseline -0.006 -22"><span class='ocrx_word' id='word_1_64' title='bbox 519 1467 858 1555; x_wconf 69' lang='lat' dir='ltr'>gentibus</span> 
     </span>
    </p>

    <p class='ocr_par' dir='ltr' id='par_1_4' title="bbox 519 1556 2864 2499">
     <span class='ocr_line' id='line_1_10' title="bbox 607 1556 2861 1658; baseline 0 -19"><span class='ocrx_word' id='word_1_65' title='bbox 607 1575 812 1639; x_wconf 91' lang='lat' dir='ltr'>Niese</span> <span class='ocrx_word' id='word_1_66' title='bbox 857 1597 922 1639; x_wconf 87' lang='lat' dir='ltr'>v.</span> <span class='ocrx_word' id='word_1_67' title='bbox 974 1596 1031 1639; x_wconf 93' lang='lat' dir='ltr'>c.</span> <span class='ocrx_word' id='word_1_68' title='bbox 1076 1571 1310 1638; x_wconf 88' lang='lat' dir='ltr'>scribit</span> <span class='ocrx_word' id='word_1_69' title='bbox 1327 1556 1415 1637; x_wconf 77' lang='lat'>‘·2.</span> <span class='ocrx_word' id='word_1_70' title='bbox 1467 1573 1549 1636; x_wconf 84' lang='lat'>17</span> <span class='ocrx_word' id='word_1_71' title='bbox 1599 1594 1754 1637; x_wconf 88' lang='lat' dir='ltr'>ann.</span> <span class='ocrx_word' id='word_1_72' title='bbox 1804 1573 1897 1637; x_wconf 85' lang='lat'>2.·</span> <span class='ocrx_word' id='word_1_73' title='bbox 1936 1572 2213 1658; x_wconf 86' lang='lat' dir='ltr'>„Dieser</span> <span class='ocrx_word' id='word_1_74' title='bbox 2250 1572 2526 1638; x_wconf 87' lang='lat' dir='ltr'>Bericht</span> <span class='ocrx_word' id='word_1_75' title='bbox 2569 1575 2658 1639; x_wconf 87' lang='lat' dir='ltr'>ist</span> <span class='ocrx_word' id='word_1_76' title='bbox 2703 1598 2861 1640; x_wconf 87' lang='lat' dir='ltr'>zum</span> 
     </span>
     <span class='ocr_line' id='line_1_11' title="bbox 527 1678 2863 1770; baseline -0 -22"><span class='ocrx_word' id='word_1_77' title='bbox 527 1690 776 1770; x_wconf 84' lang='lat' dir='ltr'>„guten</span> <span class='ocrx_word' id='word_1_78' title='bbox 837 1681 1031 1747; x_wconf 84' lang='lat' dir='ltr'>Theil</span> <span class='ocrx_word' id='word_1_79' title='bbox 1093 1678 1454 1767; x_wconf 87' lang='lat' dir='ltr'>mythisch,</span> <span class='ocrx_word' id='word_1_80' title='bbox 1513 1681 1656 1744; x_wconf 92' lang='lat' dir='ltr'>und</span> <span class='ocrx_word' id='word_1_81' title='bbox 1702 1679 1824 1744; x_wconf 90' lang='lat' dir='ltr'>hat</span> <span class='ocrx_word' id='word_1_82' title='bbox 1868 1679 2060 1744; x_wconf 87' lang='lat' dir='ltr'>nicht</span> <span class='ocrx_word' id='word_1_83' title='bbox 2099 1680 2231 1745; x_wconf 91' lang='lat' dir='ltr'>den</span> <span class='ocrx_word' id='word_1_84' title='bbox 2270 1680 2534 1764; x_wconf 87' lang='lat' dir='ltr'>Werth,</span> <span class='ocrx_word' id='word_1_85' title='bbox 2560 1683 2692 1747; x_wconf 91' lang='lat' dir='ltr'>den</span> <span class='ocrx_word' id='word_1_86' title='bbox 2717 1682 2863 1747; x_wconf 91' lang='lat' dir='ltr'>ihm</span> 
     </span>
     <span class='ocr_line' id='line_1_12' title="bbox 528 1786 2861 1878; baseline -0.001 -24"><span class='ocrx_word' id='word_1_87' title='bbox 528 1810 805 1878; x_wconf 89' lang='lat' dir='ltr'>„unsere</span> <span class='ocrx_word' id='word_1_88' title='bbox 870 1788 1270 1870; x_wconf 83' lang='lat' dir='ltr'>Historiker‚</span> <span class='ocrx_word' id='word_1_89' title='bbox 1337 1788 1510 1853; x_wconf 86' lang='lat' dir='ltr'>auch</span> <span class='ocrx_word' id='word_1_90' title='bbox 1556 1808 1696 1851; x_wconf 87' lang='lat' dir='ltr'>van</span> <span class='ocrx_word' id='word_1_91' title='bbox 1752 1786 2003 1852; x_wconf 81' lang='lat' dir='ltr'>Gelder</span> <span class='ocrx_word' id='word_1_92' title='bbox 2049 1786 2426 1873; x_wconf 86' lang='lat' dir='ltr'>beilegen.”</span> <span class='ocrx_word' id='word_1_93' title='bbox 2518 1788 2674 1876; x_wconf 88' lang='lat' dir='ltr'>Ipse</span> <span class='ocrx_word' id='word_1_94' title='bbox 2721 1811 2861 1853; x_wconf 84' lang='lat' dir='ltr'>van</span> 
     </span>
     <span class='ocr_line' id='line_1_13' title="bbox 523 1895 2862 1982; baseline 0 -21"><span class='ocrx_word' id='word_1_95' title='bbox 523 1897 774 1963; x_wconf 80' lang='lat' dir='ltr'>Gelder</span> <span class='ocrx_word' id='word_1_96' title='bbox 835 1917 1154 1960; x_wconf 85' lang='lat' dir='ltr'>excusare</span> <span class='ocrx_word' id='word_1_97' title='bbox 1216 1901 1498 1960; x_wconf 87' lang='lat' dir='ltr'>conatur</span> <span class='ocrx_word' id='word_1_98' title='bbox 1559 1916 1854 1982; x_wconf 86' lang='lat' dir='ltr'>parvum</span> <span class='ocrx_word' id='word_1_99' title='bbox 1905 1915 2261 1958; x_wconf 91' lang='lat' dir='ltr'>numerum</span> <span class='ocrx_word' id='word_1_100' title='bbox 2309 1895 2605 1959; x_wconf 89' lang='lat' dir='ltr'>militum</span> <span class='ocrx_word' id='word_1_101' title='bbox 2649 1895 2862 1962; x_wconf 88' lang='lat' dir='ltr'>Athe·</span> 
     </span>
     <span class='ocr_line' id='line_1_14' title="bbox 519 1999 2863 2088; baseline -0 -18"><span class='ocrx_word' id='word_1_102' title='bbox 519 2005 878 2087; x_wconf 91' lang='lat' dir='ltr'>niensium,</span> <span class='ocrx_word' id='word_1_103' title='bbox 928 2002 1305 2068; x_wconf 70' lang='lat' dir='ltr'>absentiam</span> <span class='ocrx_word' id='word_1_104' title='bbox 1356 2001 1850 2088; x_wconf 82' lang='lat' dir='ltr'>Spartanorum</span> <span class='ocrx_word' id='word_1_105' title='bbox 1879 2007 1948 2066; x_wconf 86' lang='lat' dir='ltr'>et</span> <span class='ocrx_word' id='word_1_106' title='bbox 1971 1999 2398 2068; x_wconf 79' lang='lat' dir='ltr'>Achaeorum</span> <span class='ocrx_word' id='word_1_107' title='bbox 2427 2001 2512 2087; x_wconf 84' lang='lat'>3);</span> <span class='ocrx_word' id='word_1_108' title='bbox 2554 2025 2619 2067; x_wconf 79' lang='lat' dir='ltr'>V.</span> <span class='ocrx_word' id='word_1_109' title='bbox 2647 2003 2863 2069; x_wconf 88' lang='lat' dir='ltr'>Wila-</span> 
     </span>
     <span class='ocr_line' id='line_1_15' title="bbox 521 2107 2864 2199; baseline -0.001 -22"><span class='ocrx_word' id='word_1_110' title='bbox 521 2112 794 2177; x_wconf 84' lang='lat' dir='ltr'>mowitz</span> <span class='ocrx_word' id='word_1_111' title='bbox 853 2135 919 2199; x_wconf 93' lang='lat' dir='ltr'>p.</span> <span class='ocrx_word' id='word_1_112' title='bbox 968 2111 1100 2175; x_wconf 82' lang='lat'>223</span> <span class='ocrx_word' id='word_1_113' title='bbox 1170 2109 1334 2175; x_wconf 90' lang='lat' dir='ltr'>dicit</span> <span class='ocrx_word' id='word_1_114' title='bbox 1401 2109 1561 2194; x_wconf 87' lang='lat' dir='ltr'>„der</span> <span class='ocrx_word' id='word_1_115' title='bbox 1606 2108 1885 2173; x_wconf 86' lang='lat' dir='ltr'>Bericht</span> <span class='ocrx_word' id='word_1_116' title='bbox 1929 2107 2099 2173; x_wconf 77' lang='lat' dir='ltr'>iiber</span> <span class='ocrx_word' id='word_1_117' title='bbox 2145 2109 2255 2174; x_wconf 92' lang='lat' dir='ltr'>die</span> <span class='ocrx_word' id='word_1_118' title='bbox 2304 2110 2864 2177; x_wconf 88' lang='lat' dir='ltr'>Keltenschlacht</span> 
     </span>
     <span class='ocr_line' id='line_1_16' title="bbox 526 2215 2861 2308; baseline -0 -24"><span class='ocrx_word' id='word_1_119' title='bbox 526 2243 651 2308; x_wconf 83' lang='lat' dir='ltr'>„an</span> <span class='ocrx_word' id='word_1_120' title='bbox 726 2221 859 2285; x_wconf 89' lang='lat' dir='ltr'>den</span> <span class='ocrx_word' id='word_1_121' title='bbox 925 2217 1429 2304; x_wconf 82' lang='lat' dir='ltr'>Thermopylen</span> <span class='ocrx_word' id='word_1_122' title='bbox 1497 2215 1648 2302; x_wconf 85' lang='lat' dir='ltr'>gibt</span> <span class='ocrx_word' id='word_1_123' title='bbox 1712 2216 1910 2281; x_wconf 88' lang='lat' dir='ltr'>einen</span> <span class='ocrx_word' id='word_1_124' title='bbox 1951 2215 2270 2282; x_wconf 86' lang='lat' dir='ltr'>Einblick</span> <span class='ocrx_word' id='word_1_125' title='bbox 2318 2218 2390 2282; x_wconf 90' lang='lat' dir='ltr'>iu</span> <span class='ocrx_word' id='word_1_126' title='bbox 2439 2217 2548 2283; x_wconf 90' lang='lat' dir='ltr'>die</span> <span class='ocrx_word' id='word_1_127' title='bbox 2595 2218 2861 2284; x_wconf 86' lang='lat' dir='ltr'>Macht-</span> 
     </span>
     <span class='ocr_line' id='line_1_17' title="bbox 524 2322 2863 2414; baseline -0 -22"><span class='ocrx_word' id='word_1_128' title='bbox 524 2326 1009 2414; x_wconf 67' lang='lat' dir='ltr'>„verhaItnisse</span> <span class='ocrx_word' id='word_1_129' title='bbox 1056 2327 1177 2390; x_wconf 88' lang='lat' dir='ltr'>der</span> <span class='ocrx_word' id='word_1_130' title='bbox 1201 2323 1434 2389; x_wconf 86' lang='lat' dir='ltr'>-Zeit.”</span> <span class='ocrx_word' id='word_1_131' title='bbox 1484 2322 1674 2387; x_wconf 90' lang='lat' dir='ltr'>Haec</span> <span class='ocrx_word' id='word_1_132' title='bbox 1718 2329 2061 2410; x_wconf 88' lang='lat' dir='ltr'>postrema</span> <span class='ocrx_word' id='word_1_133' title='bbox 2108 2325 2445 2390; x_wconf 87' lang='lat' dir='ltr'>sententia</span> <span class='ocrx_word' id='word_1_134' title='bbox 2486 2325 2631 2390; x_wconf 90' lang='lat' dir='ltr'>sine</span> <span class='ocrx_word' id='word_1_135' title='bbox 2655 2325 2863 2391; x_wconf 91' lang='lat' dir='ltr'>dubio</span> 
     </span>
     <span class='ocr_line' id='line_1_18' title="bbox 520 2433 864 2499; baseline -0.003 0"><span class='ocrx_word' id='word_1_136' title='bbox 520 2433 697 2499; x_wconf 87' lang='lat' dir='ltr'>falsa</span> <span class='ocrx_word' id='word_1_137' title='bbox 744 2440 864 2498; x_wconf 88' lang='lat' dir='ltr'>est.</span> 
     </span>
    </p>

    <p class='ocr_par' dir='ltr' id='par_1_5' title="bbox 520 2539 2953 3676">
     <span class='ocr_line' id='line_1_19' title="bbox 611 2539 2862 2628; baseline 0 -23"><span class='ocrx_word' id='word_1_138' title='bbox 611 2541 802 2620; x_wconf 76' lang='lat' dir='ltr'>Quod</span> <span class='ocrx_word' id='word_1_139' title='bbox 854 2541 942 2606; x_wconf 91' lang='lat' dir='ltr'>ad</span> <span class='ocrx_word' id='word_1_140' title='bbox 987 2550 1086 2606; x_wconf 70' lang='lat' dir='ltr'>Vm</span> <span class='ocrx_word' id='word_1_141' title='bbox 1116 2541 1214 2604; x_wconf 77' lang='lat' dir='ltr'>dm</span> <span class='ocrx_word' id='word_1_142' title='bbox 1257 2539 1462 2605; x_wconf 89' lang='lat' dir='ltr'>Niese</span> <span class='ocrx_word' id='word_1_143' title='bbox 1508 2540 1787 2605; x_wconf 86' lang='lat' dir='ltr'>attinet:</span> <span class='ocrx_word' id='word_1_144' title='bbox 1837 2540 2209 2606; x_wconf 86' lang='lat' dir='ltr'>Pausanias</span> <span class='ocrx_word' id='word_1_145' title='bbox 2276 2540 2379 2605; x_wconf 90' lang='grc'>10.</span> <span class='ocrx_word' id='word_1_146' title='bbox 2434 2542 2531 2606; x_wconf 86' lang='grc'>19.</span> <span class='ocrx_word' id='word_1_147' title='bbox 2586 2542 2667 2605; x_wconf 81' lang='grc'>12</span> <span class='ocrx_word' id='word_1_148' title='bbox 2715 2540 2862 2628; x_wconf 89' lang='lat' dir='ltr'>ipse</span> 
     </span>
     <span class='ocr_line' id='line_1_20' title="bbox 522 2646 2867 2736; baseline -0 -23"><span class='ocrx_word' id='word_1_149' title='bbox 522 2647 843 2713; x_wconf 74' lang='lat' dir='ltr'>describit</span> <span class='ocrx_word' id='word_1_150' title='bbox 866 2654 1196 2733; x_wconf 86' lang='lat' dir='ltr'>quantum</span> <span class='ocrx_word' id='word_1_151' title='bbox 1220 2647 1598 2736; x_wconf 92' lang='lat' dir='ltr'>periculum</span> <span class='ocrx_word' id='word_1_152' title='bbox 1622 2647 1949 2713; x_wconf 77' lang='lat' dir='ltr'>Graeciae</span> <span class='ocrx_word' id='word_1_153' title='bbox 1970 2646 2418 2713; x_wconf 83' lang='lat' dir='ltr'>imminuerit:</span> <span class='ocrx_word' id='word_1_154' title='bbox 2482 2646 2867 2733; x_wconf 89' lang='lat' dir='ltr'>„Videbant</span> 
     </span>
     <span class='ocr_line' id='line_1_21' title="bbox 529 2754 2867 2841; baseline 0 -22"><span class='ocrx_word' id='word_1_155' title='bbox 529 2760 910 2841; x_wconf 83' lang='lat' dir='ltr'>„certamen</span> <span class='ocrx_word' id='word_1_156' title='bbox 978 2756 1157 2840; x_wconf 88' lang='lat' dir='ltr'>quod</span> <span class='ocrx_word' id='word_1_157' title='bbox 1228 2754 1530 2820; x_wconf 87' lang='lat' dir='ltr'>instabat</span> <span class='ocrx_word' id='word_1_158' title='bbox 1594 2775 1734 2820; x_wconf 94' lang='lat' dir='ltr'>non</span> <span class='ocrx_word' id='word_1_159' title='bbox 1802 2754 1949 2820; x_wconf 80' lang='lat' dir='ltr'>fore</span> <span class='ocrx_word' id='word_1_160' title='bbox 2019 2756 2104 2820; x_wconf 92' lang='lat' dir='ltr'>de</span> <span class='ocrx_word' id='word_1_161' title='bbox 2173 2754 2487 2820; x_wconf 86' lang='lat' dir='ltr'>libertate</span> <span class='ocrx_word' id='word_1_162' title='bbox 2556 2761 2633 2819; x_wconf 89' lang='lat' dir='ltr'>ut</span> <span class='ocrx_word' id='word_1_163' title='bbox 2700 2755 2867 2820; x_wconf 89' lang='lat' dir='ltr'>olim</span> 
     </span>
     <span class='ocr_line' id='line_1_22' title="bbox 531 2860 2868 2950; baseline -0 -24"><span class='ocrx_word' id='word_1_164' title='bbox 531 2869 804 2947; x_wconf 87' lang='lat' dir='ltr'>„contra</span> <span class='ocrx_word' id='word_1_165' title='bbox 873 2861 1133 2945; x_wconf 85' lang='lat' dir='ltr'>PersaS,</span> <span class='ocrx_word' id='word_1_166' title='bbox 1202 2861 1319 2926; x_wconf 91' lang='lat' dir='ltr'>sed</span> <span class='ocrx_word' id='word_1_167' title='bbox 1393 2883 1499 2926; x_wconf 89' lang='lat' dir='ltr'>res</span> <span class='ocrx_word' id='word_1_168' title='bbox 1571 2861 1915 2950; x_wconf 88' lang='lat' dir='ltr'>superiore</span> <span class='ocrx_word' id='word_1_169' title='bbox 1983 2862 2335 2927; x_wconf 88' lang='lat' dir='ltr'>invasione</span> <span class='ocrx_word' id='word_1_170' title='bbox 2407 2884 2446 2927; x_wconf 89' lang='lat' dir='ltr'>a</span> <span class='ocrx_word' id='word_1_171' title='bbox 2514 2860 2730 2927; x_wconf 81' lang='lat' dir='ltr'>Gallis</span> <span class='ocrx_word' id='word_1_172' title='bbox 2792 2862 2868 2925; x_wconf 90' lang='lat' dir='ltr'>in</span> 
     </span>
     <span class='ocr_line' id='line_1_23' title="bbox 529 2968 2868 3055; baseline 0 -21"><span class='ocrx_word' id='word_1_173' title='bbox 529 2968 967 3055; x_wconf 89' lang='lat' dir='ltr'>„Macedonia</span> <span class='ocrx_word' id='word_1_174' title='bbox 1048 2972 1301 3053; x_wconf 83' lang='lat' dir='ltr'>gestae,</span> <span class='ocrx_word' id='word_1_175' title='bbox 1384 2969 1464 3032; x_wconf 88' lang='lat' dir='ltr'>iis</span> <span class='ocrx_word' id='word_1_176' title='bbox 1547 2969 1621 3033; x_wconf 90' lang='lat' dir='ltr'>in</span> <span class='ocrx_word' id='word_1_177' title='bbox 1706 2970 2104 3034; x_wconf 89' lang='lat' dir='ltr'>memoriam</span> <span class='ocrx_word' id='word_1_178' title='bbox 2187 2975 2543 3053; x_wconf 83' lang='lat' dir='ltr'>venerunt,</span> <span class='ocrx_word' id='word_1_179' title='bbox 2614 2969 2868 3034; x_wconf 88' lang='lat' dir='ltr'>scelera</span> 
     </span>
     <span class='ocr_line' id='line_1_24' title="bbox 529 3073 2867 3163; baseline 0.001 -25"><span class='ocrx_word' id='word_1_180' title='bbox 529 3073 954 3162; x_wconf 84' lang='lat' dir='ltr'>„nuperrime</span> <span class='ocrx_word' id='word_1_181' title='bbox 998 3074 1070 3139; x_wconf 92' lang='lat' dir='ltr'>in</span> <span class='ocrx_word' id='word_1_182' title='bbox 1102 3075 1449 3140; x_wconf 87' lang='lat' dir='ltr'>Thessalia</span> <span class='ocrx_word' id='word_1_183' title='bbox 1470 3082 1744 3163; x_wconf 87' lang='lat' dir='ltr'>patrata</span> <span class='ocrx_word' id='word_1_184' title='bbox 1766 3076 1848 3140; x_wconf 89' lang='lat' dir='ltr'>iis</span> <span class='ocrx_word' id='word_1_185' title='bbox 1873 3076 2196 3140; x_wconf 86' lang='lat' dir='ltr'>nunciata</span> <span class='ocrx_word' id='word_1_186' title='bbox 2222 3083 2432 3142; x_wconf 90' lang='lat' dir='ltr'>erant.</span> <span class='ocrx_word' id='word_1_187' title='bbox 2481 3074 2625 3139; x_wconf 88' lang='lat' dir='ltr'>Aut</span> <span class='ocrx_word' id='word_1_188' title='bbox 2643 3075 2867 3162; x_wconf 90' lang='lat' dir='ltr'>perire</span> 
     </span>
     <span class='ocr_line' id='line_1_25' title="bbox 529 3182 2867 3269; baseline 0 -21"><span class='ocrx_word' id='word_1_189' title='bbox 529 3183 868 3269; x_wconf 87' lang='lat' dir='ltr'>„oportuit</span> <span class='ocrx_word' id='word_1_190' title='bbox 937 3188 1055 3247; x_wconf 88' lang='lat' dir='ltr'>aut</span> <span class='ocrx_word' id='word_1_191' title='bbox 1121 3182 1458 3247; x_wconf 86' lang='lat' dir='ltr'>vincere.”</span> <span class='ocrx_word' id='word_1_192' title='bbox 1528 3184 1771 3269; x_wconf 87' lang='lat' dir='ltr'>Itaque</span> <span class='ocrx_word' id='word_1_193' title='bbox 1841 3205 1977 3248; x_wconf 91' lang='lat' dir='ltr'>non</span> <span class='ocrx_word' id='word_1_194' title='bbox 2046 3184 2292 3249; x_wconf 86' lang='lat' dir='ltr'>mirum</span> <span class='ocrx_word' id='word_1_195' title='bbox 2357 3183 2492 3248; x_wconf 88' lang='lat' dir='ltr'>fuit</span> <span class='ocrx_word' id='word_1_196' title='bbox 2552 3183 2867 3248; x_wconf 83' lang='lat' dir='ltr'>civitates</span> 
     </span>
     <span class='ocr_line' id='line_1_26' title="bbox 523 3289 2867 3377; baseline -0.001 -22"><span class='ocrx_word' id='word_1_197' title='bbox 523 3289 1017 3377; x_wconf 85' lang='lat' dir='ltr'>Septentrionis</span> <span class='ocrx_word' id='word_1_198' title='bbox 1059 3311 1266 3374; x_wconf 86' lang='lat' dir='ltr'>quam</span> <span class='ocrx_word' id='word_1_199' title='bbox 1311 3290 1622 3354; x_wconf 85' lang='lat' dir='ltr'>maximis</span> <span class='ocrx_word' id='word_1_200' title='bbox 1673 3289 1932 3355; x_wconf 84' lang='lat' dir='ltr'>viribus</span> <span class='ocrx_word' id='word_1_201' title='bbox 1980 3312 2279 3376; x_wconf 84' lang='lat' dir='ltr'>egressas</span> <span class='ocrx_word' id='word_1_202' title='bbox 2329 3312 2491 3373; x_wconf 90' lang='lat' dir='ltr'>esse,</span> <span class='ocrx_word' id='word_1_203' title='bbox 2534 3289 2799 3354; x_wconf 90' lang='lat' dir='ltr'>numeri</span> <span class='ocrx_word' id='word_1_204' title='bbox 2826 3312 2867 3354; x_wconf 88' lang='lat' dir='ltr'>a</span> 
     </span>
     <span class='ocr_line' id='line_1_27' title="bbox 520 3394 2867 3484; baseline 0 -23"><span class='ocrx_word' id='word_1_205' title='bbox 520 3394 864 3481; x_wconf 82' lang='lat' dir='ltr'>Pausania</span> <span class='ocrx_word' id='word_1_206' title='bbox 909 3396 1146 3461; x_wconf 88' lang='lat' dir='ltr'>traditi</span> <span class='ocrx_word' id='word_1_207' title='bbox 1193 3394 1362 3460; x_wconf 91' lang='lat' dir='ltr'>mihi</span> <span class='ocrx_word' id='word_1_208' title='bbox 1385 3418 1523 3462; x_wconf 91' lang='lat' dir='ltr'>non</span> <span class='ocrx_word' id='word_1_209' title='bbox 1547 3403 1691 3461; x_wconf 89' lang='lat' dir='ltr'>tam</span> <span class='ocrx_word' id='word_1_210' title='bbox 1715 3397 2061 3462; x_wconf 91' lang='lat' dir='ltr'>immodici</span> <span class='ocrx_word' id='word_1_211' title='bbox 2085 3398 2427 3480; x_wconf 84' lang='lat' dir='ltr'>videntur,</span> <span class='ocrx_word' id='word_1_212' title='bbox 2456 3397 2510 3461; x_wconf 90' lang='lat' dir='ltr'>si</span> <span class='ocrx_word' id='word_1_213' title='bbox 2533 3419 2867 3484; x_wconf 90' lang='lat' dir='ltr'>ponamus</span> 
     </span>
     <span class='ocr_line' id='line_1_28' title="bbox 521 3502 2953 3590; baseline 0 -22"><span class='ocrx_word' id='word_1_214' title='bbox 521 3503 799 3569; x_wconf 85' lang='lat' dir='ltr'>Aetolos</span> <span class='ocrx_word' id='word_1_215' title='bbox 894 3509 959 3567; x_wconf 93' lang='lat' dir='ltr'>et</span> <span class='ocrx_word' id='word_1_216' title='bbox 1027 3502 1315 3568; x_wconf 87' lang='lat' dir='ltr'>Boeotos</span> <span class='ocrx_word' id='word_1_217' title='bbox 1385 3503 1691 3580; x_wconf 71' lang='grc' dir='ltr'>πανδήμει</span> <span class='ocrx_word' id='word_1_218' title='bbox 1759 3525 2058 3590; x_wconf 86' lang='lat' dir='ltr'>egressos</span> <span class='ocrx_word' id='word_1_219' title='bbox 2121 3526 2282 3569; x_wconf 88' lang='lat' dir='ltr'>esse.</span> <span class='ocrx_word' id='word_1_220' title='bbox 2378 3503 2563 3582; x_wconf 78' lang='lat' dir='ltr'>Quae</span> <span class='ocrx_word' id='word_1_221' title='bbox 2634 3511 2865 3569; x_wconf 87' lang='lat' dir='ltr'>autem</span> <span class='ocrx_word' id='word_1_222' title='bbox 2938 3578 2953 3590; x_wconf 90' lang='lat'>.</span> 
     </span>
     <span class='ocr_line' id='line_1_29' title="bbox 524 3609 2868 3676; baseline 0.001 -2"><span class='ocrx_word' id='word_1_223' title='bbox 524 3611 696 3675; x_wconf 84' lang='lat' dir='ltr'>dixit</span> <span class='ocrx_word' id='word_1_224' title='bbox 760 3610 963 3675; x_wconf 86' lang='lat' dir='ltr'>Niese</span> <span class='ocrx_word' id='word_1_225' title='bbox 1032 3611 1116 3675; x_wconf 90' lang='lat' dir='ltr'>de</span> <span class='ocrx_word' id='word_1_226' title='bbox 1187 3609 1718 3675; x_wconf 72' lang='lat' dir='ltr'>Atheniensibus</span> <span class='ocrx_word' id='word_1_227' title='bbox 1763 3633 1903 3676; x_wconf 92' lang='lat' dir='ltr'>non</span> <span class='ocrx_word' id='word_1_228' title='bbox 1948 3618 2130 3676; x_wconf 87' lang='lat' dir='ltr'>recte</span> <span class='ocrx_word' id='word_1_229' title='bbox 2177 3633 2321 3675; x_wconf 89' lang='lat' dir='ltr'>sese</span> <span class='ocrx_word' id='word_1_230' title='bbox 2365 3610 2640 3676; x_wconf 80' lang='lat' dir='ltr'>habent.</span> <span class='ocrx_word' id='word_1_231' title='bbox 2709 3611 2868 3676; x_wconf 89' lang='lat' dir='ltr'>Mea</span> 
     </span>
    </p>
   </div>
   <div class='ocr_carea' id='block_1_3' title="bbox 521 3717 2868 3913">
    <p class='ocr_par' dir='ltr' id='par_1_6' title="bbox 521 3717 2868 3913">
     <span class='ocr_line' id='line_1_30' title="bbox 526 3717 2865 3804; baseline 0 -22"><span class='ocrx_word' id='word_1_232' title='bbox 526 3719 801 3803; x_wconf 86' lang='lat' dir='ltr'>quidem</span> <span class='ocrx_word' id='word_1_233' title='bbox 848 3717 1184 3782; x_wconf 87' lang='lat' dir='ltr'>sententia</span> <span class='ocrx_word' id='word_1_234' title='bbox 1228 3738 1365 3782; x_wconf 89' lang='lat' dir='ltr'>non</span> <span class='ocrx_word' id='word_1_235' title='bbox 1407 3724 1589 3783; x_wconf 89' lang='lat' dir='ltr'>recte</span> <span class='ocrx_word' id='word_1_236' title='bbox 1636 3718 1973 3785; x_wconf 75' lang='lat' dir='ltr'>intellexit</span> <span class='ocrx_word' id='word_1_237' title='bbox 2012 3718 2525 3804; x_wconf 88' lang='lat' dir='ltr'>inscriptionem</span> <span class='ocrx_word' id='word_1_238' title='bbox 2571 3718 2643 3784; x_wconf 81' lang='lat' dir='ltr'>G.</span> <span class='ocrx_word' id='word_1_239' title='bbox 2684 3718 2739 3782; x_wconf 92' lang='lat' dir='ltr'>I.</span> <span class='ocrx_word' id='word_1_240' title='bbox 2779 3717 2865 3782; x_wconf 89' lang='lat' dir='ltr'>A.</span> 
     </span>
     <span class='ocr_line' id='line_1_31' title="bbox 521 3823 2868 3913; baseline 0 -25"><span class='ocrx_word' id='word_1_241' title='bbox 521 3825 608 3889; x_wconf 90' lang='lat' dir='ltr'>II.</span> <span class='ocrx_word' id='word_1_242' title='bbox 698 3826 848 3888; x_wconf 81' lang='lat'>323.</span> <span class='ocrx_word' id='word_1_243' title='bbox 936 3823 1447 3911; x_wconf 87' lang='lat' dir='ltr'>(Dittenberger</span> <span class='ocrx_word' id='word_1_244' title='bbox 1530 3824 1710 3910; x_wconf 78' lang='lat'>205),</span> <span class='ocrx_word' id='word_1_245' title='bbox 1779 3843 1934 3890; x_wconf 87' lang='lat' dir='ltr'>cum</span> <span class='ocrx_word' id='word_1_246' title='bbox 2000 3825 2357 3913; x_wconf 85' lang='lat' dir='ltr'>perhibeat</span> <span class='ocrx_word' id='word_1_247' title='bbox 2417 3824 2868 3890; x_wconf 88' lang='lat' dir='ltr'>Athenienses</span> 
     </span>
    </p>
   </div>
   <div class='ocr_carea' id='block_1_4' title="bbox 525 3997 948 4005">
    <p class='ocr_par' dir='ltr' id='par_1_7' title="bbox 525 3997 948 4005">
     <span class='ocr_line' id='line_1_32' title="bbox 525 3997 948 4005; baseline 0 1345"><span class='ocrx_word' id='word_1_248' title='bbox 525 3997 948 4005; x_wconf 95' lang='lat' dir='ltr'> </span> 
     </span>
    </p>
   </div>
   <div class='ocr_carea' id='block_1_5' title="bbox 522 4116 2866 4542">
    <p class='ocr_par' dir='ltr' id='par_1_8' title="bbox 522 4116 2866 4362">
     <span class='ocr_line' id='line_1_33' title="bbox 573 4116 2866 4186; baseline -0.002 -14"><span class='ocrx_word' id='word_1_249' title='bbox 573 4120 623 4186; x_wconf 85' lang='lat'>1)</span> <span class='ocrx_word' id='word_1_250' title='bbox 662 4121 825 4174; x_wconf 81' lang='lat' dir='ltr'>Paus-</span> <span class='ocrx_word' id='word_1_251' title='bbox 889 4120 970 4172; x_wconf 86' lang='lat'>10.</span> <span class='ocrx_word' id='word_1_252' title='bbox 1031 4120 1118 4172; x_wconf 83' lang='lat'>20.</span> <span class='ocrx_word' id='word_1_253' title='bbox 1174 4120 1224 4172; x_wconf 89' lang='lat'>5.</span> <span class='ocrx_word' id='word_1_254' title='bbox 1278 4118 1363 4168; x_wconf 73' lang='grc' dir='ltr'>καὶ</span> <span class='ocrx_word' id='word_1_255' title='bbox 1416 4119 1680 4182; x_wconf 73' lang='grc' dir='ltr'><em>ἡγεμονίαν</em></span> <span class='ocrx_word' id='word_1_256' title='bbox 1734 4116 1866 4170; x_wconf 77' lang='grc' dir='ltr'><strong><em>οὗτοι</em></strong></span> <span class='ocrx_word' id='word_1_257' title='bbox 1920 4128 2041 4170; x_wconf 75' lang='grc' dir='ltr'>κατ’</span> <span class='ocrx_word' id='word_1_258' title='bbox 2100 4117 2297 4182; x_wconf 74' lang='grc' dir='ltr'><strong><em>ἀξίωμα</em></strong></span> <span class='ocrx_word' id='word_1_259' title='bbox 2350 4117 2487 4184; x_wconf 74' lang='grc' dir='ltr'><em>εἶχον</em></span> <span class='ocrx_word' id='word_1_260' title='bbox 2541 4121 2600 4169; x_wconf 79' lang='grc' dir='ltr'>τὸ</span> <span class='ocrx_word' id='word_1_261' title='bbox 2655 4119 2866 4182; x_wconf 72' lang='grc' dir='ltr'><strong><em>ἀρχαῖον</em></strong></span> 
     </span>
     <span class='ocr_line' id='line_1_34' title="bbox 522 4208 2864 4278; baseline 0.001 -16"><span class='ocrx_word' id='word_1_262' title='bbox 522 4210 801 4276; x_wconf 86' lang='lat' dir='ltr'>(Profecto</span> <span class='ocrx_word' id='word_1_263' title='bbox 875 4208 1275 4263; x_wconf 88' lang='lat' dir='ltr'>documentum</span> <span class='ocrx_word' id='word_1_264' title='bbox 1348 4208 1417 4262; x_wconf 88' lang='lat' dir='ltr'>de</span> <span class='ocrx_word' id='word_1_265' title='bbox 1487 4209 1821 4263; x_wconf 87' lang='lat' dir='ltr'>auctoritate</span> <span class='ocrx_word' id='word_1_266' title='bbox 1913 4210 2328 4265; x_wconf 87' lang='lat' dir='ltr'>Atheniensium</span> <span class='ocrx_word' id='word_1_267' title='bbox 2403 4210 2552 4278; x_wconf 90' lang='lat' dir='ltr'>apud</span> <span class='ocrx_word' id='word_1_268' title='bbox 2618 4209 2864 4276; x_wconf 86' lang='lat' dir='ltr'>reliquos</span> 
     </span>
     <span class='ocr_line' id='line_1_35' title="bbox 524 4298 805 4362; baseline -0.011 -9"><span class='ocrx_word' id='word_1_269' title='bbox 524 4298 805 4362; x_wconf 86' lang='lat' dir='ltr'>Graecos).</span> 
     </span>
    </p>

    <p class='ocr_par' dir='ltr' id='par_1_9' title="bbox 574 4385 1718 4455">
     <span class='ocr_line' id='line_1_36' title="bbox 574 4385 1718 4455; baseline 0.001 -15"><span class='ocrx_word' id='word_1_270' title='bbox 574 4386 621 4451; x_wconf 87' lang='lat'>2)</span> <span class='ocrx_word' id='word_1_271' title='bbox 658 4386 932 4440; x_wconf 86' lang='lat' dir='ltr'>Memnon.</span> <span class='ocrx_word' id='word_1_272' title='bbox 974 4403 1019 4439; x_wconf 85' lang='lat' dir='ltr'>c.</span> <span class='ocrx_word' id='word_1_273' title='bbox 1061 4385 1144 4439; x_wconf 91' lang='lat'>18.</span> <span class='ocrx_word' id='word_1_274' title='bbox 1183 4386 1380 4455; x_wconf 86' lang='lat' dir='ltr'>Droys.</span> <span class='ocrx_word' id='word_1_275' title='bbox 1419 4386 1468 4439; x_wconf 89' lang='lat'>3.</span> <span class='ocrx_word' id='word_1_276' title='bbox 1512 4386 1560 4440; x_wconf 95' lang='grc'>1.</span> <span class='ocrx_word' id='word_1_277' title='bbox 1600 4386 1718 4441; x_wconf 78' lang='grc'>190.</span> 
     </span>
    </p>

    <p class='ocr_par' dir='ltr' id='par_1_10' title="bbox 575 4473 1668 4542">
     <span class='ocr_line' id='line_1_37' title="bbox 575 4473 1668 4542; baseline -0.003 -13"><span class='ocrx_word' id='word_1_278' title='bbox 575 4473 624 4541; x_wconf 88' lang='lat'>3)</span> <span class='ocrx_word' id='word_1_279' title='bbox 666 4493 713 4529; x_wconf 84' lang='lat' dir='ltr'>v.</span> <span class='ocrx_word' id='word_1_280' title='bbox 754 4474 953 4528; x_wconf 87' lang='lat' dir='ltr'>Gelder</span> <span class='ocrx_word' id='word_1_281' title='bbox 991 4492 1044 4542; x_wconf 91' lang='lat' dir='ltr'>p.</span> <span class='ocrx_word' id='word_1_282' title='bbox 1083 4474 1168 4527; x_wconf 85' lang='lat'>36.</span> <span class='ocrx_word' id='word_1_283' title='bbox 1206 4474 1291 4527; x_wconf 83' lang='lat'>37.</span> <span class='ocrx_word' id='word_1_284' title='bbox 1330 4474 1414 4528; x_wconf 82' lang='lat'>38.</span> <span class='ocrx_word' id='word_1_285' title='bbox 1454 4491 1578 4528; x_wconf 86' lang='lat' dir='ltr'>ann.</span> <span class='ocrx_word' id='word_1_286' title='bbox 1617 4477 1668 4528; x_wconf 88' lang='lat'>4.</span> 
     </span>
    </p>
   </div>
   <div class='ocr_carea' id='block_1_6' title="bbox 3320 9 3338 5184">
    <p class='ocr_par' dir='ltr' id='par_1_11' title="bbox 3320 9 3338 5184">
     <span class='ocr_line' id='line_1_38' title="bbox 3320 9 3338 5184; baseline 0 0"><span class='ocrx_word' id='word_1_287' title='bbox 3320 9 3338 5184; x_wconf 95' lang='lat' dir='ltr'> </span> 
     </span>
    </p>
   </div>
  </div>
 </body>
</html>
