3338 5350
1531 521 1658 585 107

415 718 650 784 Etiam
692 739 798 783 res
845 718 1015 782 mari
1059 722 1291 803 gestae
1339 739 1379 782 a
1424 714 1906 783 Macedonibus
1972 737 2335 803 prosperae
2382 713 2660 781 fuerunt
2682 714 2752 798 1),

420 826 638 891 donec
723 824 1006 889 tandem
1094 830 1248 912 post
1335 845 1641 912 pugnam
1711 824 1893 911 apud
1983 820 2412 888 Crannonem
2502 822 2758 909 (mense

419 932 732 1018 Augusto
780 932 941 996 anni
985 930 1140 1014 322)
1188 930 1583 1019 Antiphilus
1654 936 1724 994 et
1782 929 2034 995 Menon
2099 928 2575 997 Thessalorum
2621 930 2759 995 dux

420 1038 816 1124 synedrium
905 1044 1283 1104 convocant
1372 1037 1459 1102 ad
1540 1036 2065 1103 consultandum
2153 1043 2383 1102 utrum
2460 1043 2759 1125 praestet

418 1167 705 1233 pergere
749 1144 1026 1228 bellare,
1076 1166 1163 1209 an
1210 1145 1296 1209 de
1340 1166 1508 1232 pace
1555 1150 1868 1208 tractare.
1938 1142 2159 1230 Major
2200 1166 2359 1231 pars
2403 1145 2475 1209 in
2518 1165 2758 1231 pacem

420 1252 811 1336 inclinabat,
878 1252 1090 1338 legati
1179 1252 1266 1317 ad
1357 1250 1797 1339 Antipatrum
1879 1252 2260 1334 mittuntur,
2331 1252 2447 1336 qui
2529 1258 2761 1317 tamen

418 1365 711 1425 tractare
757 1380 828 1424 se
874 1363 1082 1444 negat
1127 1381 1281 1423 cum
1327 1358 1645 1424 societate
1693 1379 1897 1443 quam
1956 1377 2094 1423 non
2141 1358 2443 1444 agnovit,
2506 1358 2763 1424 scilicet

419 1488 577 1532 cum
636 1466 903 1532 videret
969 1465 1201 1531 laxum
1267 1464 1617 1530 vinculum
1690 1485 1823 1550 quo
1892 1465 2052 1530 socii
2113 1463 2455 1549 conjuncti
2514 1472 2756 1548 essent,

421 1578 978 1661 exspectaretque
1044 1579 1121 1637 ut
1187 1571 1427 1639 foedus
1465 1594 1589 1660 per
1634 1593 1708 1637 se
1751 1573 1975 1659 ipsum
2013 1570 2215 1636 facile
2261 1571 2756 1637 dissolveretur.

421 1679 560 1745 Sed
632 1679 717 1744 ad
785 1684 1052 1767 tempus
1125 1678 1382 1745 bellum
1450 1679 1903 1762 continuatur,
1963 1678 2367 1744 Macedones
2434 1677 2568 1764 maj
2575 1700 2759 1745 orem

420 1786 810 1852 Thessaliae
867 1792 1135 1873 partem
1179 1788 1252 1851 in
1298 1808 1491 1851 suam
1534 1791 1944 1873 potestatem
2001 1785 2338 1871 redigunt,
2390 1785 2761 1872 eodemque

417 1899 727 1981 tempore
795 1915 947 1958 cum
1016 1893 1298 1980 singulis
1380 1894 1571 1959 sociis
1641 1893 1726 1957 de
1793 1914 1964 1979 pace
2044 1897 2337 1957 tractare
2407 1899 2756 1958 conantur.

419 2000 570 2066 Hoc
615 2000 815 2066 modo
886 2002 1164 2066 societas
1225 2023 1381 2067 mox
1439 2022 1714 2088 prorsus
1762 1999 2088 2065 dissoluta
2133 2006 2254 2082 est,
2303 1999 2425 2065 soli
2472 1999 2755 2064 Atheni-

419 2129 613 2173 enses
659 2114 727 2173 et
774 2107 1003 2175 Aetoli
1050 2110 1241 2174 sociis
1287 2109 1542 2196 privati
1579 2129 1725 2173 sese
1750 2113 1987 2172 contra
2007 2107 2274 2172 hostem
2298 2108 2760 2172 sustinuerunt

417 2216 514 2297 (a0
560 2216 737 2301 322).

512 2322 775 2410 Operae
838 2323 1134 2410 pretium
1194 2329 1295 2388 est
1351 2322 1763 2408 investigare
1809 2321 2215 2407 quibusnam
2262 2321 2760 2386 conditionibus

418 2431 703 2495 societas
751 2429 873 2494 illa
919 2452 960 2494 a
1007 2427 1283 2495 Graecis
1331 2430 1503 2494 inita
1551 2429 1657 2493 sit.

508 2537 933 2624 Principatus
982 2537 1315 2602 societatis
1360 2557 1568 2624 penes
1607 2535 2057 2601 Athenienses
2081 2534 2213 2600 fuit
2232 2537 2320 2621 2);
2369 2535 2762 2620 synedrium

415 2666 561 2710 non
621 2645 691 2709 in
758 2644 906 2733 ipsa
974 2643 1144 2709 urbe
1217 2643 1336 2709 sed
1393 2644 1465 2708 in
1511 2643 1746 2709 castris
1790 2649 2061 2731 praesto
2108 2641 2240 2708 fuit
2261 2642 2330 2727 3),
2395 2642 2512 2708 ubi
2557 2642 2760 2709 duces

417 2754 749 2817 sociorum
796 2750 1125 2837 suffragia
1172 2750 1505 2834 ferebant,
1554 2772 1855 2816 summus
1903 2750 2043 2815 dux
2094 2756 2322 2815 autem
2367 2771 2480 2816 eos
2528 2772 2760 2815 consu-

415 2861 500 2924 lit
522 2856 590 2941 4).
638 2859 796 2924 Dux
839 2858 1362 2925 Atheniensium
1406 2859 1536 2923 hac
1581 2857 1915 2945 dignitate
1963 2862 2239 2923 ornatus
2286 2862 2450 2941 erat,
2497 2863 2763 2922 creatur

418 2973 650 3032 autem
694 2988 734 3030 a
780 2967 974 3032 sociis
998 2967 1076 3053 5).
1409 2979 1414 2986 ‘

471 3235 521 3302 1)
560 3236 626 3290 cf.
667 3236 862 3306 Droys.
910 3236 959 3288 2.
1001 3235 1047 3289 1.
1086 3236 1156 3288 66
1185 3253 1302 3303 sqq.

469 3327 517 3391 2)
556 3325 715 3379 Diod.
758 3324 839 3378 18.
881 3325 965 3379 10.
1004 3325 1168 3379 Paus.
1208 3324 1255 3377 1.
1296 3325 1384 3377 25.
1423 3325 1473 3377 4.
1515 3323 1757 3377 Dittenb.
1799 3323 1921 3376 161.
1968 3339 2044 3377 vs.
2090 3322 2175 3374 12.

471 3414 519 3483 3)
560 3416 615 3469 C.
654 3416 694 3469 Ι.
733 3415 794 3469 Α.
833 3416 904 3469 ΙΙ.
954 3414 1072 3467 249.
1114 3414 1519 3490 Dittmann-180.
1558 3409 1881 3479 Τιμοσθένης
1902 3448 1914 3461 ·
1937 3451 1948 3462 -
1973 3448 1985 3460 ·
2008 3410 2277 3477 (πεμφθεὶς
2313 3409 2406 3461 ὑπὸ
2443 3414 2532 3467 τῆς
2572 3412 2758 3467 πόλεως

415 3502 658 3568 σ)ύνεὸρος
694 3500 777 3553 ἐπὶ
813 3506 895 3571 τ(ὀ
934 3501 1311 3570 σ)τρα(τόπεδον
1347 3504 1407 3552 τὸ
1446 3502 1718 3559 Ἀθηναίων
1755 3500 1842 3550 καὶ
1886 3504 2007 3566 τῶν)
2047 3500 2349 3564 συμμάχων.

469 3592 516 3659 4)
554 3593 716 3647 Diod.
760 3594 842 3648 18.
882 3595 965 3648 17.
1003 3593 1052 3647 6.
1091 3598 1154 3659 τῇ
1194 3590 1245 3642 δὲ
1282 3590 1517 3658 ὑστεραίᾳ
1553 3589 1717 3641 Μένων
1754 3593 1843 3655 μὲν
1879 3590 1965 3643 καὶ
2002 3593 2287 3655 Ἀντίφιλος
2322 3594 2373 3641 οἱ
2397 3596 2492 3640 τῶν
2512 3589 2758 3649 Ἑλλήνων

415 3680 654 3745 ἦγέμονες
690 3681 1086 3746 συνεδρεύσαντες
1122 3679 1498 3745 ἐβουλεύσαντο.

470 3771 519 3824 5)
559 3771 707 3825 Paua
763 3773 811 3826 1.
869 3773 938 3827 25
1001 3774 1052 3826 4.
1107 3775 1198 3822 τοῦ
1234 3773 1420 3827 παντὸς
1458 3770 1628 3837 ἄρχειν
1665 3773 1812 3836 ᾕρητο
1848 3774 2113 3830 Ἀθηναῖος
2150 3771 2439 3830 Λεωσθένης
2475 3770 2664 3833 πόλεώς
2699 3790 2757 3821 τε

415 3856 666 3921 ἀξιώματι
720 3861 806 3910 καὶ
860 3859 1012 3917 αὐτὸς
1066 3858 1188 3910 εἶναι
1245 3859 1388 3910 δοκῶν
1426 3859 1651 3923 πολέμων
1689 3860 1926 3925 ἔμπειρος.
1963 3864 2168 3919 Facere
2204 3879 2316 3916 non
2362 3879 2590 3932 possum
2629 3862 2760 3930 quin

416 3951 526 4003 hoc
563 3950 685 4004 loco
726 3950 1041 4005 dissentiam
1080 3968 1114 4005 a
1150 3952 1214 4005 v⁰
1239 3951 1304 4005 d⁰
1348 3950 1617 4022 Droysen,
1659 3953 1756 4020 qui
1792 3953 2044 4022 perhibet
2079 3954 2153 4016 (2.
2193 3952 2241 4005 1.
2280 3952 2350 4005 60
2386 3968 2508 4005 ann.
2532 3952 2760 4020 4)ipsos

417 4039 793 4105 Athenienses,
830 4057 940 4094 non
988 4040 1169 4096 socios
1208 4058 1494 4095 summum
1532 4041 1733 4096 ducem
1771 4042 2017 4113 elegisse,
2058 4041 2255 4095 eodem
2291 4040 2599 4095 Pausaniae
2636 4042 2759 4095 loco

415 4129 587 4182 nisus.
626 4129 766 4183 Huic
802 4129 1045 4199 opinioni
1081 4133 1271 4183 autem
1311 4130 1641 4185 contradicit
1694 4132 1968 4200 imprimis
2004 4131 2142 4186 haec
2179 4148 2287 4200 res,
2326 4130 2477 4198 quod
2512 4131 2762 4185 nondum

417 4217 556 4271 socii
609 4217 847 4286 fuerunt,
905 4235 1034 4272 cum
1086 4218 1425 4273 Leosthenes
1482 4236 1611 4273 cum
1649 4220 1898 4275 exercitu
1936 4221 1993 4274 in
2028 4220 2303 4274 Aetoliam
2342 4221 2625 4290 profectus
2663 4225 2761 4286 est,

416 4306 573 4359 nullo
611 4306 776 4360 modo
814 4307 983 4377 igitur
1028 4307 1190 4361 sociis
1229 4308 1453 4376 praefici
1492 4309 1690 4377 potuit.
1734 4309 1892 4374 Tum,
1934 4310 1979 4363 si
2007 4309 2345 4364 Leosthenes
2367 4326 2401 4363 a
2420 4309 2629 4363 civibus
2649 4309 2763 4363 suis

419 4395 700 4448 sociorum
758 4412 1009 4450 summus
1064 4396 1179 4450 dux
1236 4400 1456 4450 creatus
1495 4401 1654 4465 esset,
1694 4397 1848 4452 nulla
1885 4415 2056 4453 causa
2092 4398 2287 4453 fuisset
2323 4415 2424 4452 cur
2461 4397 2762 4451 Pausanias

421 4482 725 4537 addidisset
777 4484 914 4538 illud
970 4484 1156 4543 πόλεώς
1208 4503 1266 4535 τε
1313 4482 1578 4548 ἀξιώματι,
1626 4504 1857 4557 prorsus
1895 4487 2042 4541 enim
2078 4504 2243 4542 sensu
2281 4490 2518 4543 vacaret.
2559 4486 2762 4555 Tertio,
