3338 5350
1626 522 1757 589 100

525 720 960 787 Macedonico
1030 721 1341 809 adjungit
1406 745 1562 789 cum
1629 724 1910 789 scribat:
1981 723 2083 787 ἐπὶ
2156 725 2308 787 πᾶσι
2377 719 2689 787 Μακεδόσι
2751 717 2858 786 καὶ

526 826 792 903 “Eanum
851 828 956 892 καὶ
1004 832 1306 910 Ἰλλυριοῖς
1353 830 1460 894 καὶ
1510 831 1892 910 Τριβαλλοῖς
1939 831 2043 895 καὶ
2092 834 2381 910 Ἀγριᾶσι
2427 830 2532 894 καὶ
2582 828 2696 893 ὅσα
2743 837 2852 903 τῆς

522 936 802 1016 Ἠπείρου
850 935 1013 1013 ἔξετι
1063 937 1476 1020 Ἀλεξάνδρου
1525 939 1871 1018 στρατηγὸς
1919 938 2300 1020 αὐτοκράτωρ
2349 939 2642 1002 ἐτέτακτο
2692 938 2762 1025 ¹).

612 1045 798 1124 Quae
859 1068 1008 1111 cum
1053 1049 1150 1112 ita
1195 1048 1349 1131 sint,
1398 1052 1694 1112 statuere
1736 1046 1897 1111 licet
1939 1046 2109 1112 fines
2146 1046 2413 1134 imperii
2462 1046 2535 1110 in
2578 1045 2856 1131 Europa

521 1174 660 1217 non
728 1153 1095 1219 admodum
1158 1159 1453 1220 mutatos
1515 1176 1691 1235 esse3
1783 1152 2068 1219 fortasse
2149 1153 2409 1240 aliquot
2477 1159 2714 1239 gentes
2782 1152 2855 1215 in

524 1258 998 1346 Septentrione
1065 1259 1410 1346 sejunctae
1455 1268 1647 1346 sunt3
1711 1262 1829 1327 sed
1867 1282 2026 1349 pars
2071 1259 2614 1348 septentrionalis
2659 1258 2855 1346 Epiri

523 1366 607 1431 ad
655 1365 1019 1432 Ceraunios
1087 1375 1349 1434 montes
1418 1390 1629 1455 usque
1702 1369 2091 1457 provinciae
2152 1368 2469 1433 addenda
2513 1373 2631 1450 est,
2677 1371 2851 1430 cete-

518 1467 685 1538 rum'
709 1475 1188 1561 descriptiones
1225 1484 1495 1541 nostrae
1540 1483 1923 1562 congrth
1967 1497 2123 1541 cum
2165 1497 2377 1562 regno
2422 1482 2500 1540 ut
2560 1496 2601 1539 a
2657 1473 2852 1538 nobis

519 1581 592 1645 in
633 1582 856 1668 prima
897 1582 1326 1670 paragrapho
1394 1582 1596 1668 hujus
1640 1583 1884 1671 capitis
1929 1583 2343 1670 descriptum
2405 1588 2526 1664 est,
2572 1581 2851 1647 eaedem

519 1686 661 1753 fere
728 1695 966 1775 gentes
1033 1691 1242 1774 igitur
1310 1691 1591 1756 diversis
1660 1689 2159 1756 conditionibus
2227 1689 2630 1774 conjunctae
2696 1709 2853 1753 cum

515 1816 726 1881 regno
770 1795 1207 1862 Macedonico
1229 1797 1684 1884 geographico
1711 1820 1928 1883 sensu,
1954 1797 2315 1885 imperium
2338 1795 2851 1862 Macedonicum

517 1907 588 1970 in
633 1903 910 1991 Europa
954 1901 1222 1969 efficere
1266 1910 1728 1992 perrexerunt.

606 2009 922 2076 Ceterum
989 2033 1026 2076 e
1090 2012 1238 2077 loco
1307 2011 1600 2095 Arriani,
1680 2033 1812 2099 quo
1880 2012 1993 2078 hic
2061 2010 2382 2077 describit
2426 2007 2849 2098 provinciam

516 2118 894 2201 Thraciam,
955 2134 1096 2185 non
1166 2126 1358 2207 patet
1424 2120 1624 2185 urbes
1694 2120 1781 2185 ad
1828 2118 2025 2184 litora
2069 2120 2273 2185 maris
2334 2117 2643 2183 Thracici
2666 2117 2846 2199 sitas,

513 2224 809 2309 Abdera,
859 2226 1252 2297 Maroneam
1289 2233 1358 2292 et
1405 2227 1591 2310 aliaS,
1639 2226 2029 2314 Lysimachi
2072 2227 2465 2314 provinciae
2493 2223 2602 2310 adj
2610 2229 2848 2288 unctas

514 2354 691 2415 esse3
761 2341 1285 2400 consentaneum
1353 2340 1452 2400 est
1519 2335 1844 2422 suspicari
1903 2334 2053 2399 illas
2115 2334 2353 2399 eodem
2391 2339 2573 2399 statu
2617 2331 2844 2416 fuisse,

516 2462 648 2527 quo
696 2440 820 2506 sub
865 2440 1186 2529 Philippo
1234 2447 1303 2506 et
1344 2440 1739 2507 Alexandro
1777 2440 2055 2506 fuerunt
2101 2439 2212 2521 (cf.
2261 2462 2409 2528 cap.
2455 2439 2669 2528 Ipag.
2695 2440 2846 2523 27);

514 2544 1013 2614 Chersonnesus
1082 2553 1310 2614 autem
1376 2549 1768 2614 nominatur
1839 2557 1914 2613 ut
1978 2570 2137 2637 pars
2203 2549 2593 2635 provinciae
2652 2547 2846 2634 Lysi-

513 2655 770 2721 machi:
817 2656 947 2721 hac
990 2656 1392 2744 paeninsula
1438 2661 1666 2722 autem
1709 2657 2021 2722 transitui
2069 2657 2142 2720 in
2184 2655 2417 2722 Asiam
2465 2655 2849 2721 dominatus

513 2768 632 2827 est.
703 2763 887 2849 Ergo
930 2763 1312 2850 Lysimachi
1356 2763 1709 2851 provincia
1755 2786 1897 2829 sese
1942 2763 2247 2829 extendit
2300 2762 2848 2850 Septentrionem

512 2892 746 2937 versus
811 2871 885 2934 in
929 2872 1235 2956 regiones
1281 2870 1831 2954 mediterraneas,
1878 2871 2059 2936 circa
2097 2874 2399 2935 montem
2440 2869 2845 2956 Rhodopen,

513 2975 862 3043 Orientem
907 2999 1138 3043 versus
1186 2985 1413 3043 autem
1475 2979 1562 3044 ad
1607 2979 1905 3045 Pontum
1949 2978 2295 3044 Euxinum
2341 2983 2412 3042 et
2457 2975 2845 3063 Salmydes-

510 3106 661 3149 sum
722 3106 961 3171 agrum
1028 3106 1240 3171 usque
1262 3086 1347 3169 2);
1419 3086 1504 3151 de
1548 3086 1866 3171 gentibus
1914 3086 2002 3150 ad
2047 3084 2444 3149 Danuvium
2488 3083 2678 3149 sedes
2723 3084 2845 3150 ha-

483 3191 847 3276 ·bentibus,
919 3214 1092 3279 quae
1151 3191 1543 3258 Alexandro
1603 3190 1879 3258 foedere
1947 3192 2347 3279 conjunctae
2414 3196 2610 3257 erant
2655 3197 2845 3277 (pag.

510 3299 599 3363 34
646 3321 801 3364 ann.
852 3300 942 3386 5),
1008 3320 1146 3364 non
1207 3299 1495 3387 amplius
1564 3298 1817 3365 locutio
1864 3304 1982 3383 est,
2051 3298 2337 3365 fortasse
2380 3305 2535 3386 post
2580 3297 2849 3363 cladem

510 3406 911 3493 Zopyrionis
957 3406 1256 3493 (326J25)
1303 3427 1445 3471 sese
1489 3406 1564 3469 in
1607 3405 1996 3471 libertatem
2019 3405 2558 3472 vindicaverunt.
2607 3404 2847 3469 Altera

512 3512 818 3600 quaestio
886 3519 988 3578 est
1054 3512 1460 3598 quibusnam
1503 3512 1577 3576 in
1620 3511 2009 3598 regionibus
2053 3512 2329 3577 termini
2364 3510 2664 3600 ponendi
2709 3511 2849 3575 sint

507 3621 688 3686 inter
729 3620 1114 3707 provincias
1160 3619 1553 3706 Lysimachi
1601 3629 1668 3686 et
1711 3618 2082 3708 Antipatri.
2143 3621 2191 3687 J
2194 3642 2306 3685 am
2350 3641 2574 3708 supra,
2621 3618 2845 3706 primo

511 3727 733 3815 capite
778 3731 817 3810 ξ
841 3729 883 3792 6
929 3728 1390 3793 demonstrare
1435 3729 1666 3793 conati
1713 3750 1961 3812 sumus,
2008 3727 2408 3814 Philippum
2439 3725 2609 3791 fines
2631 3725 2845 3812 ipsius

509 3835 705 3921 regni
749 3834 1170 3900 Macedonici
1235 3836 1691 3922 geographico
1760 3858 1959 3901 sensu
2026 3835 2126 3901 ita
2196 3833 2717 3922 amplificavisse
2766 3838 2845 3897 ut

509 3941 757 4007 Nestus
802 3940 1057 4006 flumen
1101 3941 1427 4007 terminus
1476 3942 1621 4027 agri
1664 3941 2085 4008 Macedonici
2124 3940 2346 4007 factus
2392 3941 2497 4025 sit,
2545 3939 2842 4005 Alexan-

560 4209 609 4279 1)
645 4212 779 4266 Dcx.
819 4229 888 4282 ap
944 4212 1103 4266 Phot.
1144 4231 1197 4281 p.
1235 4211 1322 4264 64.
1361 4211 1427 4264 cf.
1467 4210 1661 4281 Droys.
1704 4210 1751 4262 2.
1792 4210 1840 4263 1.
1879 4210 1948 4263 32
1985 4226 2109 4263 ann.
2148 4211 2196 4262 3.

560 4299 607 4367 2)
646 4300 846 4356 Strabo
902 4301 1010 4354 319
1063 4300 1403 4350 συνάπτουσαι
1459 4303 1528 4362 τῷ
1582 4296 1939 4362 Σαλμυδησσῷ.
1989 4299 2166 4370 Igitur
2202 4314 2314 4351 non
2350 4297 2418 4351 de
2462 4297 2601 4351 urbe
2638 4298 2736 4353 sed
2771 4297 2845 4353 de

508 4407 642 4461 agro
679 4392 927 4460 loquitur
966 4393 1032 4446 cf.
1074 4392 1274 4447 Strabo
1310 4390 1395 4444 50.
1428 4388 1587 4443 Diod.
1628 4388 1711 4441 14.
1751 4388 1836 4441 37.
1875 4389 1926 4441 2.
1963 4388 2164 4442 Herod.
2204 4387 2255 4439 4.
2291 4386 2376 4440 93.
2397 4386 2645 4456 Xenoph.
2665 4387 2844 4441 Anah.

508 4480 556 4534 7.
596 4481 643 4534 5.
686 4482 768 4534 12.
807 4482 1016 4564 Plinius
1054 4482 1104 4534 4.
1146 4481 1213 4534 45
1251 4481 1403 4536 solus
1441 4489 1524 4534 est
1562 4478 1656 4547 qui
1692 4479 1940 4547 loquitur
1979 4479 2049 4534 de
2087 4478 2291 4549 oppido
2332 4476 2712 4547 Halmydssso.
