3338 5350
1563 487 1691 552 169

450 705 636 748 nunc
702 681 1117 771 Apollodoro
1201 684 1372 748 duce
1438 682 1856 771 praesidium
1922 681 2438 747 Macedonicum
2505 679 2791 768 pepulit,

452 789 600 876 ipse
648 795 876 855 autem
934 789 1156 878 specie
1202 788 1535 855 libertatis
1581 789 2094 855 constituendae
2137 788 2339 854 rebus
2384 786 2789 876 praefectae,

452 917 599 960 sese
666 896 973 962 odiosum
1017 902 1388 982 tyrannum
1432 896 1751 978 ostendit,
1797 895 1980 961 cives
2018 916 2171 960 suos
2217 894 2530 961 omnibus
2577 894 2795 959 modis

455 1003 739 1069 vexavit
766 1003 838 1080 1).

541 1108 674 1174 Per
717 1115 937 1176 totum
982 1110 1354 1175 tumultum
1399 1108 1741 1175 Gallicum
1786 1109 1959 1174 nihil
2008 1108 2394 1175 audivimus
2442 1110 2528 1174 de
2551 1113 2790 1196 poten·

455 1215 731 1281 tissimis
774 1217 969 1302 regni
1016 1215 1591 1303 competitoribuS,
1640 1216 1724 1281 de
1770 1215 2110 1281 Antiocho
2156 1222 2226 1280 et
2270 1215 2639 1302 Antigone,
2664 1216 2795 1279 nisi

455 1323 640 1408 quod
686 1324 1063 1410 quingenos
1108 1323 1360 1388 milites
1407 1323 1496 1388 ad
1543 1322 2035 1410 Thermopylas
2079 1322 2427 1387 miserunt.
2490 1320 2794 1408 Reliqui-

453 1451 606 1494 mus
651 1450 763 1494 eos
808 1437 963 1516 post
1006 1450 1245 1517 pacem
1290 1430 1546 1497 factam
1589 1430 1770 1495 inter
1815 1430 2199 1496 Ceraunum
2245 1436 2312 1494 et
2358 1428 2794 1516 Antiochum,

454 1542 610 1623 post
653 1535 917 1602 cladem
963 1537 1374 1618 maritimam
1419 1537 1753 1623 Antigoni
1780 1538 1851 1620 ²),
1900 1535 2248 1602 Ceraunus
2294 1543 2457 1601 tunc
2478 1536 2552 1601 in
2575 1535 2797 1601 Mace-

458 1642 663 1708 donia
722 1643 1029 1710 firmatus
1097 1651 1218 1727 est,
1290 1644 1662 1710 amicitiam
1725 1643 1954 1710 fratris
2022 1642 2396 1709 Ptolemaei
2459 1643 2796 1728 quaesivit

457 1752 587 1834 (a0.
633 1750 790 1833 281)
817 1750 889 1837 3).

546 1857 609 1923 N
612 1879 689 1922 ec
732 1864 963 1924 tamen
1009 1857 1389 1925 Antiochus
1437 1859 1704 1924 destitit
1750 1881 1893 1925 sese
1930 1859 2210 1924 miscere
2232 1856 2432 1923 rebus
2457 1858 2795 1944 Europae,

453 1971 646 2052 patet
707 1963 889 2029 enim
954 1989 990 2029 e
1051 1965 1352 2032 diversis·
1394 1967 1615 2049 rebus,
1680 1988 1835 2031 eum
1882 1966 2089 2032 etiam
2132 1972 2285 2054 post
2349 1987 2605 2030 annum
2664 1964 2789 2029 281

454 2071 655 2136 rebus
678 2071 820 2137 illic
857 2072 1264 2156 interfuisse,
1299 2073 1411 2139 vel
1447 2073 1634 2139 haud
1674 2074 2097 2160 spernendae
2121 2072 2540 2139 auctoritatis
2564 2070 2793 2136 fuisse.

546 2179 852 2244 Primum
918 2180 1101 2266 quod
1123 2180 1466 2268 pecunias
1514 2180 1699 2246 misit
1751 2181 1840 2246 ad
1884 2180 2244 2267 Pyrrhum,
2293 2202 2447 2246 oum
2492 2180 2550 2244 is
2597 2200 2796 2266 expe-

455 2286 786 2352 ditionem
857 2286 928 2352 in
995 2286 1270 2353 Italiam
1331 2295 1607 2376 pararet
1667 2296 1771 2354 a⁰.
1833 2289 1961 2353 281
2036 2289 2257 2376 „quod
2303 2288 2545 2376 opibus
2591 2310 2796 2374 quam

465 2394 832 2476 „militibus
900 2394 1294 2461 instructior
1364 2395 1551 2461 erat'’
1620 2403 1699 2462 ut
1768 2397 1932 2463 dicit
2001 2395 2313 2462 Justinus
2380 2396 2482 2460 17.
2553 2397 2616 2460 2.
2693 2397 2795 2477 13,

458 2501 788 2566 exercitus
847 2488 994 2587 ejus
1055 2501 1239 2566 enim
1284 2501 1355 2567 in
1401 2502 1568 2568 Asia
1614 2510 1843 2585 erant3
1891 2509 2040 2567 tum
2087 2503 2265 2588 quod
2316 2501 2569 2567 auxilia
2613 2502 2799 2567 misit

456 2608 531 2673 in
599 2608 953 2674 Graeciam
1026 2615 1262 2674 contra
1330 2608 1563 2675 Gallos
1631 2615 1738 2677 a⁰.
1815 2611 1968 2694 279,
2016 2610 2296 2674 tandem
2336 2609 2513 2696 quod
2565 2609 2801 2674 eodem

458 2738 636 2781 anno
689 2715 1049 2800 Lachares,
1104 2717 1222 2802 qui
1282 2739 1460 2783 anno
1521 2719 1652 2783 296
1700 2724 2034 2804 tyrannus
2078 2716 2369 2783 Athenis
2416 2716 2568 2800 fuit,
2617 2739 2799 2782 nunc

329 2828 334 2831 ’
456 2828 684 2887 autem
759 2821 1220 2891 Cassandreae
1305 2825 1522 2890 vitam
1599 2824 1763 2910 egit,
1831 2824 1904 2890 id
1976 2825 2313 2889 studuisse
2380 2824 2656 2890 videtur
2723 2830 2800 2888 ut

454 2929 693 2995 urbem
761 2929 1102 2996 Antiocho
1170 2932 1491 3015 traderet,
1563 2931 1743 3017 quod
1813 2953 2187 3017 numquam
2249 2931 2398 2996 fieri
2457 2932 2683 3018 potuit
2726 2930 2798 2994 ni

455 3036 832 3102 Antiochus
877 3057 1034 3102 cum
1079 3038 1289 3125 copiis
1336 3039 1449 3105 vel
1510 3060 1664 3103 cum
1709 3039 1923 3104 classe
1967 3040 2041 3104 in
2085 3038 2440 3104 vicinitate
2491 3044 2797 3105 versatus

456 3151 627 3209 esset
655 3143 730 3227 4).

544 3252 892 3318 Postremo
959 3251 1107 3318 loco
1178 3253 1296 3318 alii
1363 3258 1568 3318 testes
1636 3275 1907 3340 quoque
1974 3275 2112 3318 non
2183 3252 2602 3318 auctoritatis
2678 3253 2793 3316 sed

455 3359 935 3424 dominationis
967 3360 1291 3425 Antiochi
1329 3360 1402 3424 in
1425 3361 1703 3448 Europa
1725 3360 1920 3426 nobis
1944 3368 2214 3447 praesto
2240 3367 2419 3425 sunt.
2468 3360 2797 3424 Diversae

455 3466 657 3531 series
741 3466 923 3532 enim
1003 3488 1436 3532 nummorum
1498 3466 1822 3551 Antiochi
1891 3489 2046 3533 aere
2114 3467 2536 3554 signatorum
2608 3467 2798 3532 inve-

453 3572 736 3638 niuntur
763 3573 843 3661 5).

505 3815 553 3879 1)
592 3817 852 3888 Polyaen.
893 3817 943 3869 6.
984 3817 1031 3869 7.
1071 3817 1278 3871 Aelian.
1317 3819 1377 3873 V.
1417 3818 1483 3871 Η.
1524 3818 1608 3871 14.
1646 3818 1713 3871 41
1754 3820 1820 3871 cf.
1861 3818 2052 3888 Polyb.
2093 3819 2139 3871 7.
2181 3819 2229 3871 7.
2268 3819 2315 3872 2.

507 3907 556 3971 2)
594 3907 661 3961 cf.
717 3926 770 3976 p.
832 3907 950 3961 162.
1026 3907 1303 3961 Memnon.
1363 3908 1446 3961 14.
1503 3909 1789 3971 Ἀντίγονος
1844 3906 1895 3958 δὲ
1944 3909 1970 3958 ὁ
2025 3910 2302 3971 Δημητρίου
2358 3913 2383 3960 ὁ
2438 3908 2672 3966 ἡττηθεὶς
2727 3916 2796 3973 τῷ

454 4002 678 4060 ναυτικῷ.

505 4083 551 4154 3)
587 4086 784 4141 Justin.
826 4086 911 4139 24.
953 4086 999 4139 1.
1038 4086 1088 4139 8.
1128 4086 1403 4141 Memnon.
1445 4084 1527 4138 15.
1566 4086 1767 4142 Justin.
1809 4088 1892 4141 17.
1931 4088 1980 4142 2.
2021 4088 2069 4141 9.
2115 4087 2351 4155 „Fratris
2393 4106 2616 4157 quoque
2653 4090 2798 4159 regis

459 4173 724 4245 „Aegypti
764 4175 1120 4230 concordiam
1156 4192 1257 4245 per
1295 4174 1557 4244 epistolas
1595 4175 1982 4243 deprecatur.“

507 4262 557 4329 4)
594 4265 854 4334 Polyaen.
911 4266 961 4318 6.
1020 4265 1068 4316 7.
1126 4264 1173 4317 2.
1230 4263 1317 4313 καὶ
1372 4265 1471 4326 γὰρ
1528 4266 1790 4327 Ἀντίοχον
1846 4268 1932 4317 τὸν
1988 4263 2204 4326 βασιλέα
2240 4267 2491 4315 ποιεῖσθαι
2528 4268 2676 4329 φίλον
2711 4266 2799 4316 καὶ

456 4350 729 4418 σύμμαχον
766 4352 903 4418 αὐτῷ
941 4354 1031 4411 τὴν
1068 4355 1323 4403 πολιτείαν
1362 4349 1705 4415 ἔνι-πρέποντα.

503 4441 550 4508 5)
589 4444 848 4497 Babelon.
887 4445 992 4498 Les
1029 4444 1140 4497 rois
1179 4444 1247 4499 de
1287 4443 1446 4514 Syrie
1483 4443 1720 4499 XLVIII.
