3338 5350
1662 531 1750 594 92

536 729 849 811 satrapae
894 726 1044 810 cogi
1089 747 1226 790 non
1270 730 1639 813 potuerunt
1689 731 1764 789 ut
1805 725 2140 789 rationem
2162 724 2525 789 redderent,
2551 726 2635 790 de
2661 725 2871 790 admi-

535 831 936 896 nistratione
982 831 1222 897 aerarii
1269 832 1451 917 quod
1496 831 1578 897 iis
1627 832 2058 897 commissum
2105 837 2269 897 erat.

626 938 789 1002 Post
855 936 1230 1003 Alexandri
1298 944 1584 1003 mortem
1654 940 1834 1003 enim
1904 959 2105 1004 omne
2148 960 2361 1023 genus
2409 960 2874 1026 expensorum,

535 1051 678 1109 tam
744 1044 1050 1110 civilium
1118 1067 1322 1132 quam
1386 1045 1783 1110 militarium
1851 1045 1922 1109 in
2007 1051 2314 1132 satrapas
2399 1046 2688 1128 transiit,
2758 1046 2877 1132 qui

539 1151 747 1216 etiam
790 1152 1156 1238 vectigalia
1201 1152 1584 1238 exigebant.
1671 1151 1877 1217 Ratio
1924 1152 2010 1217 de
2055 1151 2418 1240 impendiis
2462 1153 2873 1240 provinciae,

537 1259 715 1323 inter
761 1280 935 1345 quae
980 1258 1305 1324 militaria
1349 1257 1655 1346 profecto
1701 1259 2069 1346 praecipua
2114 1265 2326 1343 erant,
2374 1281 2556 1324 nuno
2603 1259 2687 1325 ab
2713 1259 2876 1346 ipsis

539 1365 1047 1452 magistratibus
1120 1367 1208 1431 ad
1256 1367 1651 1431 thesaurum
1719 1366 2070 1432 reddenda
2115 1373 2280 1450 erat,
2350 1367 2530 1454 ipsos
2578 1390 2657 1432 ea
2703 1389 2880 1453 quae

537 1472 945 1538 tributorum
992 1480 1391 1562 supererant
1434 1472 1752 1538 thesauro
1797 1472 2181 1560 persolvere
2212 1474 2509 1560 oportuit
2535 1472 2647 1557 (ef.
2675 1496 2880 1561 supra

538 1601 695 1667 pag.
742 1579 880 1666 80).
974 1580 1310 1646 Undeoim
1378 1579 1570 1645 milia
1637 1579 1759 1645 illa
1826 1577 2235 1645 talentorum
2307 1601 2482 1666 quae
2542 1580 2882 1667 putabant

539 1685 966 1771 Antigonum
1036 1709 1214 1753 anno
1282 1688 1413 1752 315
1481 1687 1556 1752 in
1619 1709 1873 1752 annum
1921 1687 2226 1774 accipere
2283 1709 2479 1775 posse
2524 1710 2561 1752 e
2606 1688 2880 1753 tributis

539 1793 744 1859 Asiae
790 1792 904 1881 (ef.
953 1816 1159 1883 supra
1201 1817 1271 1881 p.
1320 1796 1404 1860 73
1457 1817 1616 1860 ann.
1671 1796 1733 1874 1)
1781 1801 1849 1859 et
1896 1815 2069 1880 quae
2115 1794 2437 1859 nimirum
2483 1795 2691 1860 etiam
2734 1802 2884 1861 tum

538 1900 610 1964 in
658 1901 991 1966 thesauris
1039 1901 1581 1984 asservabantur,
1632 1902 1848 1966 donee
1895 1900 2282 1987 Antigonus
2344 1924 2422 1966 ea
2469 1902 2879 1991 deposceret,

539 2005 818 2073 fuerunt
884 2014 963 2072 ut
1032 2009 1305 2073 videtur
1363 2030 1627 2073 summa
1676 2029 1909 2073 eorum
1958 2030 2133 2095 quae
2178 2016 2595 2096 supererant.
2688 2010 2885 2088 Quod

541 2120 768 2179 autem
840 2138 880 2180 a
948 2115 1237 2203 satrapis
1307 2136 1576 2202 quoque
1642 2115 1817 2180 ratio
1886 2115 2236 2180 reddenda
2305 2122 2467 2199 erat,
2540 2122 2732 2204 patet
2801 2139 2886 2182 ex

542 2219 800 2308 aliquot
870 2221 1033 2287 loeis
1103 2245 1307 2310 supra
1376 2222 1618 2287 citatis.
1718 2222 1936 2300 Quam
2000 2223 2335 2288 rationem
2393 2221 2699 2310 profecto
2744 2244 2883 2288 non

539 2334 726 2393 reeta
770 2329 1218 2395 reddiderunt
1266 2329 1449 2418 apud
1517 2351 1858 2395 summum
1924 2329 2286 2417 imperium
2340 2329 2413 2394 in
2458 2329 2884 2399 Macedonia.

542 2435 662 2498 sed
709 2436 795 2501 ad
842 2458 1041 2502 suum
1085 2436 1481 2504 thesaurum
1528 2438 1832 2524 quisque.

631 2541 860 2610 Unum
948 2550 1220 2609 tantum
1315 2546 1703 2632 exemplum
1722 2570 1741 2590 ‚
1806 2542 1967 2610 huie
2073 2544 2379 2632 opinioni
2481 2545 2890 2632 impugnare

542 2649 857 2737 videtur3
950 2651 1291 2719 Eumenes
1384 2674 1562 2719 anno
1632 2653 1760 2719 321
1847 2658 2198 2739 tamquam
2268 2658 2604 2738 strategus
2697 2658 2890 2717 auto-

541 2764 765 2823 erator
825 2759 1032 2825 Asiae
1100 2759 1382 2825 Minoris
1451 2782 1775 2846 magnam
1858 2760 2003 2825 vim
2071 2781 2389 2845 equorum
2460 2781 2542 2824 ex
2615 2759 2889 2845 equitiis

543 2866 888 2952 Phrygiae
956 2867 1237 2933 Minoris
1310 2867 1705 2952 abduxerat,
1778 2873 1856 2932 ut
1924 2867 2307 2953 equitatum
2362 2865 2679 2949 efficeret,
2730 2887 2889 2951 syn·

544 2972 878 3059 grapham
949 2980 1170 3039 autem
1238 2997 1378 3040 non
1445 2975 1630 3040 misit
1712 2976 1800 3041 ad
1867 2975 2256 3039 thesaurum
2324 2973 2703 3056 finitimum,
2769 2972 2886 3037 sed

543 3086 728 3145 reeta
798 3080 886 3145 ad
948 3088 1413 3168 procuratores
1459 3081 1731 3169 imperii
1796 3080 2242 3167 Antipatrum
2311 3086 2378 3144 et
2444 3078 2888 3165 Antigonum,

543 3193 907 3275 utrumque
954 3194 1119 3253 tuno
1164 3189 1489 3276 temporis
1560 3190 1925 3274 degentem
1984 3189 2077 3252 ins
2104 3187 2272 3253 Asia
2315 3186 2596 3251 Minore.
2689 3185 2889 3250 Anti-

543 3299 760 3382 pater,
810 3301 1088 3383 aoeepta
1134 3295 1528 3384 syngrapha
1575 3294 1908 3361 cavillans
1955 3295 2149 3378 dixit,
2215 3294 2592 3359 Eumenem
2638 3292 2893 3379 optime

543 3400 958 3466 intellexisse
1022 3403 1359 3487 quomodo
1432 3424 1536 3467 res
1606 3424 1752 3467 sese
1811 3402 2163 3484 haberent,
2227 3406 2295 3465 et
2333 3399 2485 3486 jure
2532 3400 2894 3484 agnovisse

543 3507 698 3595 plus
762 3510 907 3596 spei
955 3530 1097 3574 esse
1144 3507 1291 3574 fore
1337 3516 1412 3574 ut
1460 3532 1617 3576 mox
1663 3509 1781 3573 ille
1829 3509 2013 3597 apud
2081 3530 2151 3574 se
2198 3509 2532 3573 rationem
2574 3506 2899 3570 redderet

545 3615 632 3679 de
680 3615 1264 3681 administratione
1312 3617 1476 3702 ejus,
1548 3639 1748 3703 quam
1814 3622 1891 3681 ut
1950 3617 2097 3703 ipse
2144 3615 2323 3703 apud
2370 3613 2567 3678 illum
2588 3612 2658 3692 1).
2753 3611 2895 3676 Sed

542 3721 697 3787 ideo
758 3722 1096 3788 Eumenes
1163 3724 1341 3789 hano
1407 3725 1742 3789 rationem
1807 3730 1879 3789 et
1945 3721 2406 3809 syngrapham
2477 3720 2561 3785 ad
2621 3719 2900 3805 imperii

549 3829 1207 3895 administrationem
1273 3831 1542 3896 mittere
1612 3831 1868 3914 debuit,
1941 3830 2121 3917 quod
2193 3828 2526 3893 attinebat
2571 3827 2658 3892 ad
2706 3848 2896 3912 emp-

599 4117 648 4184 1)
685 4117 830 4172 Plut.
869 4118 1029 4172 Eum.
1050 4118 1102 4172 8.
1142 4117 1223 4171 De
1262 4118 1418 4185 equis
1455 4117 1718 4171 Eumenis
1756 4116 1824 4169 ef.
1847 4114 2004 4170 Diod.
2028 4115 2111 4169 18.
2133 4114 2219 4167 29.
2239 4113 2289 4178 3,
2327 4113 2425 4167 ubi
2461 4112 2594 4167 dicit
2617 4110 2901 4165 Diodorus

549 4225 678 4262 eum
733 4207 856 4261 illos
911 4207 1012 4260 sibi
1069 4206 1477 4275 comparavisse
1530 4201 1584 4254 ἐκ
1619 4208 1710 4261 τῆς
1748 4202 1873 4261 ἰδίας
1911 4203 2235 4270 σατραπείας,
2273 4201 2477 4271 injuria
2512 4204 2718 4267 tamen,
2761 4216 2900 4253 nam

546 4296 853 4351 seeundum
905 4296 1085 4351 Justin
1131 4294 1211 4348 13.
1252 4296 1301 4348 6.
1358 4295 1424 4348 14
1463 4297 1685 4348 tantum
1724 4294 1901 4361 Caria,
1936 4293 2106 4362 Lycia
2143 4296 2196 4346 et
2236 4291 2436 4360 Magna
2474 4288 2717 4359 Phrygia
2755 4287 2904 4357 Cap—

550 4384 816 4454 padociae
854 4384 1118 4454 adjuncta
1151 4387 1207 4438 et
1246 4384 1296 4438 ei
1335 4383 1653 4453 adjudicata
1693 4385 1865 4436 erant.
1904 4382 2161 4435 Fortasse
2200 4379 2451 4435 ,Iustinus
2491 4378 2656 4432 etiam
2679 4381 2906 4446 spectat

554 4475 626 4529 ad
664 4473 964 4544 Phrygiam
1003 4474 1291 4528 Minorem.
