3338 5350
1618 517 1661 580 5

573 713 922 779 Meliorem
1006 712 1078 776 in
1141 711 1419 777 modum
1480 712 1833 797 angustiae
1873 712 2060 777 Axii
2130 711 2427 776 fluminis
2494 712 2816 777 barbaros

483 821 809 885 arcebant
848 843 888 884 a
918 825 1112 907 parte
1145 818 1656 906 septentrionali
1685 818 2144 902 Macedoniae,
2184 819 2421 884 eodem
2457 818 2658 884 modo
2682 840 2816 904 quo

482 926 859 1013 Pelagonia
897 925 1446 1013 Septentrionem
1489 946 1723 991 versus
1750 926 2002 992 Scardo
2026 932 2258 992 monte
2281 926 2715 991 muniebatur
2740 923 2813 1007 1).

573 1033 728 1100 Uno
773 1040 1008 1099 tenore
1052 1033 1211 1099 inde
1261 1055 1301 1098 a
1348 1032 1602 1098 Scardo
1647 1039 1878 1098 monte
1923 1033 2278 1098 meridiem
2321 1055 2574 1117 versuS‚
2602 1032 2816 1120 porri-

481 1142 670 1227 gitur
717 1141 930 1206 altum
970 1140 1216 1226 jugum
1256 1140 1341 1205 ab
1389 1141 1646 1206 oriente
1690 1139 1879 1206 lacus
1903 1139 2351 1226 LychnitidiS,
2400 1139 2473 1203 in
2496 1161 2630 1226 quo
2648 1139 2817 1225 jugo

483 1248 667 1334 quod
716 1271 756 1312 a
801 1247 1218 1334 sequioribus
1263 1247 1651 1332 Pyrenaeus
1698 1253 1996 1331 vocatur,
2042 1247 2211 1311 situs
2239 1252 2338 1310 est
2361 1246 2581 1331 Pylon
2606 1245 2815 1310 vicus.

481 1353 597 1442 (cf.
648 1376 851 1442 supra
893 1375 1050 1441 pag.
1097 1354 1187 1436 2).
1227 1352 1383 1418 Uno
1406 1359 1676 1419 tantum
1697 1353 1844 1420 loco
1866 1353 1995 1418 hoc
2010 1352 2259 1440 jugum
2279 1353 2815 1439 interrumpitur,

481 1483 750 1548 nempe·
794 1460 1103 1525 faucibus
1169 1459 1485 1525 Eordaici
1551 1460 1868 1543 fluminiS,
1941 1482 2114 1546 quae
2181 1460 2441 1524 aditum
2510 1460 2678 1524 dant
2744 1460 2818 1523 in

484 1567 887 1650 Orestidem,
959 1567 1180 1633 adhuc
1247 1567 1685 1654 Epiroticam,
1735 1567 1896 1632 inde
1943 1567 2026 1631 ab
2073 1566 2178 1631 his
2226 1566 2537 1632 faucibus
2589 1572 2818 1630 autem

481 1676 668 1740 idem
733 1674 903 1740 illud
961 1674 1204 1760 jugum
1252 1674 1728 1739 disterminans
1794 1674 2171 1739 Orestidem
2217 1679 2286 1738 et
2328 1673 2815 1761 Tymphaeam,

483 1782 802 1848 universo
846 1782 1119 1848 nomine
1164 1781 1376 1867 Bojus
1422 1802 1616 1846 mons
1663 1781 2048 1869 appellatur
2083 1781 2158 1867 2).
2671 1850 2676 1859 ‚

573 1888 927 1954 Meridiem
973 1910 1206 1954 versus
1254 1887 1655 1953 Macedonia
1682 1910 1722 1952 a
1749 1887 2098 1953 Thessalia
2124 1888 2633 1953 disterminatur
2647 1884 2815 1971 jugo

483 1996 819 2060 montium
863 1995 1044 2081 quod
1094 2017 1135 2060 a
1178 1995 1399 2061 Pindo
1446 1995 1779 2081 originem
1816 1994 2024 2061 habet
2048 1994 2099 2078 3)
2123 1993 2500 2061 Cambunio
2523 1995 2813 2077 nomine,

485 2101 572 2166 ab
643 2102 855 2167 altera
923 2109 1118 2190 parte
1182 2109 1407 2167 autem
1461 2103 1589 2168 hoc
1626 2102 1871 2189 jugum
1919 2126 2073 2168 cum
2119 2102 2412 2190 Olympo
2455 2102 2600 2187 jam
2645 2101 2816 2166 mari

479 2209 864 2296 propinquo
911 2208 1348 2295 conjungitur
1392 2209 1648 2275 Titario
1694 2216 1924 2276 monte
1961 2208 2033 2295 4).

571 2315 721 2380 Hoc
791 2316 991 2381 modo
1058 2316 1491 2403 pervenimus
1562 2317 1649 2382 ad
1722 2338 1870 2383 oras
1938 2317 2311 2382 maritimas
2380 2315 2818 2381 Macedoniae

480 2422 736 2487 cinctas
779 2443 1025 2488 corona
1069 2422 1339 2488 urbium
1387 2446 1427 2488 a
1464 2421 1740 2489 Graecis
1788 2424 2229 2508 conditarum,
2276 2445 2473 2510 quae,
2499 2422 2819 2509 quoniam

485 2528 739 2613 majore
791 2551 915 2616 pro
961 2536 1155 2616 parte
1200 2531 1303 2594 sui
1344 2530 1511 2617 juris
1537 2537 1751 2614 erant,
1773 2530 2046 2616 regibus
2073 2530 2511 2595 Macedoniae
2533 2529 2818 2616 impedi-

481 2642 712 2702 mento
758 2634 1055 2720 fuerunt,
1105 2636 1460 2722 quominus
1499 2659 1732 2703 omnes
1775 2643 1988 2703 terras
2036 2637 2124 2703 ad
2162 2658 2347 2702 mare
2370 2658 2582 2722 usque
2604 2657 2814 2722 regno

484 2767 605 2810 suo
651 2743 1120 2829 adjungerent.
1167 2743 1585 2832 Praecipuae
1629 2746 1871 2811 harum
1917 2745 2189 2810 urbium
2232 2744 2493 2811 omissis
2540 2743 2815 2830 reliquis

481 2851 761 2916 fuerunt
829 2852 1092 2938 Pydna,
1161 2851 1500 2934 Methone,
1546 2852 1851 2918 nondum
1896 2852 1968 2916 in
2017 2873 2211 2937 agros
2260 2874 2300 2916 a
2338 2851 2511 2916 mari
2546 2853 2814 2916 remoti-

484 2980 631 3023 ores
675 2958 1026 3038 translata‚
1075 2964 1142 3023 et
1189 2958 1499 3024 Therma.

572 3066 817 3152 Pydna
864 3073 1088 3130 autem
1136 3065 1608 3131 verosimiliter
1655 3066 1741 3131 ab
1764 3066 2260 3132 Eretriensibus
2284 3066 2575 3149 condita,
2599 3064 2651 3153 5)
2669 3065 2816 3150 jam

483 3194 662 3237 anno
707 3173 839 3237 473
885 3173 1009 3237 sub
1038 3172 1427 3238 Alexandro
1452 3172 1877 3238 Philhellene
1899 3173 2337 3238 Macedonica
2362 3171 2494 3238 fuit
2519 3172 2570 3248 6)
2594 3195 2816 3260 neque

483 3286 644 3344 ante
701 3279 1063 3345 Perdiccae
1108 3286 1394 3345 mortem
1440 3303 1584 3345 sese
1628 3280 1703 3344 in
1747 3280 2133 3350 libertatem
2177 3280 2526 3345 vindicare
2569 3280 2812 3367 potuit,

480 3409 688 3474 quam
734 3386 818 3451 ob
842 3408 985 3451 rem
1008 3386 1186 3451 hanc
1207 3386 1447 3452 urbem
1471 3410 1649 3452 anno
1673 3387 1805 3452 429
1830 3387 2271 3452 Macedoniae
2296 3386 2811 3453 adnumeremus

480 3499 749 3580 oportet
777 3494 845 3576 ⁷).

531 3755 582 3817 1)
623 3756 822 3810 Strabo
858 3756 978 3810 329.
1018 3758 1068 3811 4.
1106 3754 1170 3805 δι’
1207 3752 1267 3807 ὦν
1304 3758 1330 3807 ὁ
1368 3752 1528 3817 Ἀξιὸς
1563 3755 1671 3817 ῥέων
1708 3754 2014 3819 δυσείσβολον
2050 3759 2178 3806 ποιεῖ
2213 3757 2300 3815 τὴν
2337 3754 2635 3806 Μακεδονίαν
2652 3754 2705 3806 ἐκ
2722 3760 2812 3817 τῆς

477 3844 730 3901 Παιωνίας.
770 3844 970 3899 Strabo
1007 3845 1078 3899 l.1.
1120 3846 1185 3898 fr.
1227 3845 1308 3898 10.
1345 3845 1536 3915 Polyb.
1576 3843 1659 3898 28.
1700 3844 1749 3899 8.
1785 3845 1837 3899 3.
1876 3845 1990 3900 Liv.
2028 3846 2112 3898 44.
2154 3846 2244 3900 31.
2282 3844 2331 3899 ὃ.

532 3934 583 3997 2)
622 3933 822 3989 Strabo
861 3934 965 3987 329
1002 3934 1065 3988 fr.
1104 3934 1153 3988 6.
1193 3930 1264 3984 ἑνὶ
1295 3934 1384 3995 μὲν
1419 3931 1475 3992 δὴ
1510 3939 1645 3996 κοινῷ
1679 3934 1880 3997 ὀνόματι
1915 3937 2146 3985 καλεῖται
2184 3936 2312 3984 Βοῖον
2347 3935 2406 3984 τὸ
2439 3931 2553 3997 Ἄρος.

530 4023 579 4091 3)
618 4023 818 4078 Strabo
857 4024 979 4077 434.
1019 4023 1101 4077 12.

527 4111 580 4179 4)
618 4111 818 4167 Strabo
855 4113 976 4167 329.
1017 4113 1103 4168 14.
1139 4111 1235 4162 ἀπὸ
1271 4114 1358 4162 τοῦ
1393 4113 1626 4175 Tae-aptota
1659 4110 1786 4175 ’ὄρους
1821 4115 2074 4177 συμφυοῦς
2107 4119 2178 4177 τῷ
2215 4111 2451 4177 Ὀλύμπῳ
2492 4111 2520 4163 ὃ
2554 4111 2813 4163 κάντεῦθεν

471 4202 690 4266 ἄρχεται
729 4197 946 4266 διορίζειν
982 4204 1070 4261 τὴν
1107 4200 1404 4253 Μακεδονίαν
1441 4201 1538 4253 ἀπὸ
1574 4206 1663 4260 τῆς
1700 4202 2002 4258 Θετταλίας.

528 4292 582 4359 5)
618 4292 754 4346 Abel
789 4292 907 4347 160.

529 4379 582 4448 6)
620 4380 788 4435 Thuc.
829 4383 877 4435 1.
918 4382 1036 4437 137.
1076 4382 1123 4435 1.

529 4473 588 4538 7)
626 4471 774 4525 Abel.
814 4470 930 4525 195.
