3338 5350
1445 527 1533 592 29

293 727 516 791 etiam
564 726 734 791 locis
780 726 1039 791 idoneis
1086 725 1284 790 urbes
1326 726 1647 810 condidit,
1696 725 2205 814 Philippopolin
2245 726 2330 791 ad
2355 725 2661 790 Hebrum

293 833 568 899 flumen
593 834 645 915 1)
695 839 764 897 et
801 831 1165 918 Kabylem,
1204 839 1441 919 postea
1498 835 1899 922 praecipuas
1967 834 2168 898 urbes
2237 833 2562 899 Thraciae
2586 832 2656 915 2).

296 940 687 1026 Drongilus
749 940 1052 1023 Mastira,
1116 939 1290 1003 Bine
1360 946 1429 1003 et
1494 938 1712 1006 Beroe
1783 941 1990 1005 etiam
2055 941 2159 1004 his
2243 939 2660 1028 temporibus

301 1047 794 1113 attribuendae
881 1053 1041 1111 sunt
1068 1047 1138 1128 3).
1232 1046 1430 1111 Cives
1501 1038 1729 1111 autem
1810 1047 1914 1111 his
2004 1046 2283 1112 urbibus
2349 1046 2663 1135 praebuit

302 1155 740 1220 traducendo
811 1155 884 1218 in
953 1153 1313 1219 Thraciam
1380 1160 1618 1240 gentes
1710 1154 2171 1219 remotissimis
2237 1154 2399 1219 locis
2471 1155 2662 1219 s‘edes

301 1262 666 1345 habenteS,
713 1281 912 1326 omne
959 1282 1173 1346 genus
1215 1259 1690 1326 sceleratorum
1735 1259 2019 1348 pellexit
2061 1266 2140 1324 ut
2184 1260 2375 1325 sedes
2421 1261 2493 1324 in
2538 1260 2661 1325 has

300 1369 513 1434 urbes
559 1374 924 1459 mutarent,
966 1374 1044 1432 ut
1091 1390 1174 1434 ex
1217 1367 1603 1433 hominibus
1653 1369 1751 1433 ita
1795 1369 2145 1455 permixtis
2183 1389 2388 1432 unam
2409 1389 2662 1432 novam

302 1477 663 1541 nationem
710 1475 1034 1541 formaret
1082 1476 1151 1557 4).
1202 1474 1316 1541 Sic
1360 1472 1650 1561 legimus
1699 1475 1881 1563 apud
1928 1474 2350 1561 Polyaenum
2372 1475 2435 1539 4.
2461 1476 2522 1539 2.
2556 1476 2658 1540 12.

304 1583 714 1671 Philippum
783 1584 1014 1649 decem
1076 1582 1264 1647 milia
1333 1582 1808 1649 Sarnusiorum
1876 1583 1948 1645 in
2016 1582 2485 1647 Macedoniam
2523 1587 2659 1645 tra-

307 1691 609 1775 duxisse,
656 1691 895 1771 eodem
942 1691 1144 1755 modo
1170 1691 1542 1755 secundum
1565 1688 2009 1754 Plutarchum
2030 1687 2227 1752 Alex.
2254 1690 2316 1753 9.
2362 1687 2658 1752 Alexan-

307 1798 437 1862 der
506 1818 686 1862 anno
754 1797 884 1862 340
953 1797 1230 1863 Maedos
1299 1796 1570 1861 sedibus
1640 1798 1775 1861 suis
1841 1795 2125 1884 pepulit,
2188 1818 2388 1861 omne
2445 1817 2660 1881 genus

303 1904 669 1969 hominum
717 1905 788 1968 in
835 1925 1066 1969 eorum
1114 1905 1292 1990 agris
1342 1903 1720 1969 collocavit.

400 2011 517 2076 Ad
566 2011 950 2097 analogiam
992 2012 1264 2076 urbium
1309 2017 1664 2098 captarum
1723 2011 1795 2074 in
1837 2011 2239 2076 Macedonia
2285 2033 2351 2075 v.
2392 2032 2448 2075 c.
2496 2009 2660 2075 Am-

303 2119 702 2207 phipolidis,
754 2119 1233 2207 suspicandum
1299 2123 1402 2183 est
1469 2119 1677 2183 etiam
1729 2140 1841 2182 eas
1887 2116 2201 2182 libertate
2246 2118 2545 2204 quadam
2587 2118 2659 2181 in

302 2227 513 2292 rebus
555 2227 837 2290 internis
880 2247 1036 2290 usas
1084 2246 1249 2308 esse,
1298 2247 1529 2290 earum
1564 2225 2021 2290 conditionem
2042 2224 2228 2290 haud
2252 2226 2348 2289 ita
2371 2224 2662 2289 mult-um

306 2335 758 2420 discrepuisse
826 2355 866 2397 a
912 2339 1094 2397 statu
1137 2331 1656 2420 Amphipolidis,
1706 2339 2184 2419 praeterquam
2232 2331 2413 2416 quod
2468 2331 2660 2395 initio

303 2439 699 2528 praefectus
765 2440 1109 2528 praesidii,
1172 2440 1243 2503 id
1314 2441 1496 2504 enim
1557 2439 1704 2503 sine
1772 2439 1979 2504 dubio
2049 2440 2119 2503 in
2189 2438 2465 2503 urbibus
2527 2437 2660 2502 illis

308 2526 571 2630 aderat,
625 2545 879 2631 maj0re
925 2551 1265 2634 potestate
1312 2546 1600 2611 donatus
1647 2551 1793 2611 erat
1817 2547 1889 2632 5).

404 2653 953 2720 Consentaneum
1022 2654 1202 2719 enim
1246 2659 1347 2719 est
1394 2652 1747 2738 conjicere,
1816 2674 2234 2740 quamquam
2278 2651 2467 2718 nullo
2511 2651 2660 2718 loco

310 2763 684 2848 quicquam
754 2762 840 2826 de
909 2762 1040 2826 hac
1085 2783 1161 2826 re
1204 2761 1497 2826 traditur
1542 2760 1694 2826 illas
1741 2762 1941 2827 urbes
1966 2782 2185 2848 nuper
2208 2760 2514 2826 conditas
2537 2782 2662 2847 pro

306 2867 770 2935 Macedonicis
815 2867 1171 2933 habendas
1219 2890 1382 2951 esse,
1434 2868 1609 2953 quod
1656 2889 1763 2932 res
1812 2869 1960 2956 ipsa
2005 2867 2174 2948 fert3
2226 2889 2456 2932 earum
2481 2870 2661 2933 cives

312 2976 605 3041 donatos
656 2997 798 3040 esse
834 2973 990 3061 jure
1034 2977 1325 3041 civitatis
1371 2976 1829 3059 Macedonico,
1880 2997 2013 3060 quo
2036 2973 2230 3040 fieret
2252 2981 2331 3039 ut
2352 2974 2663 3040 omnibus

301 3082 576 3169 juribus
601 3081 740 3147 frui
760 3089 1038 3170 possent
1060 3081 1305 3169 quibus
1329 3083 1459 3170 ipsi
1484 3083 1889 3148 Macedones
1909 3106 1924 3166 3
1950 3083 2406 3148 conditionem
2429 3103 2662 3147 earum

310 3191 500 3276 quod
527 3191 773 3255 attinet
818 3191 904 3255 ad
950 3210 1239 3276 regnum
1285 3189 1818 3272 Macedonicum,
1869 3188 1955 3254 ab
2003 3190 2187 3254 omni
2208 3196 2405 3277 parte
2426 3211 2662 3277 parem

310 3297 523 3362 fuisse
567 3298 815 3362 rationi
879 3318 1053 3383 quae
1098 3296 1570 3362 intercedebat
1628 3298 1807 3361 inter
1839 3318 2130 3383 regnum
2166 3296 2554 3363 Romanum
2595 3302 2665 3361 et

309 3405 684 3491 municipia
767 3405 1018 3469 civium
1101 3404 1568 3469 Romanorum
1640 3425 1682 3468 a
1752 3400 2151 3469 Caesaribus
2235 3410 2426 3468 extra
2492 3402 2661 3467 fines

310 3511 661 3575 Romanos
708 3510 998 3576 condita.
1089 3510 1286 3575 Cives
1333 3511 1515 3575 enim
1552 3532 1785 3575 eorum
1830 3511 2347 3597 municipiorum
2385 3510 2662 3575 civitate

315 3617 628 3682 Romana
677 3618 931 3701 donati,
972 3618 1346 3683 secundum
1387 3617 1499 3703 jus
1537 3616 1857 3682 Italicum
1899 3617 2138 3683 iisdem
2179 3616 2443 3702 juribus
2482 3614 2661 3682 frue-

371 3867 416 3936 1)
456 3867 646 3937 Steph.
684 3868 815 3938 Byz.
855 3870 1224 3924 Φιλιππόπολις.
1260 3869 1454 3940 Polyb.
1492 3869 1577 3923 23.
1617 3868 1667 3922 8.
1706 3869 1755 3922 5.

372 3957 419 4021 2)
455 3957 741 4011 Demosth.
785 3956 903 4010 100.
941 3958 1026 4009 22.
1065 3958 1406 4026 Theopomp.
1444 3958 1508 4011 fr.
1547 3958 1666 4011 246.
1709 3957 1910 4013 Strabo
1948 3958 2070 4011 320.

373 4043 421 4112 3)
456 4046 523 4099 cf.
561 4046 747 4110 xum,
784 4046 913 4099 313.
948 4031 1209 4101 Schaefer
1249 4047 1298 4099 2.
1336 4046 1457 4100 448.
1495 4047 1679 4100 nolm.
1720 4046 1770 4100 3.
1803 4064 1860 4116 p.
1898 4047 2004 4100 312
2042 4065 2166 4101 ann.
2206 4048 2253 4100 7.

374 4132 419 4200 4)
473 4135 658 4190 Justin
712 4135 765 4189 8.
800 4136 852 4188 6.
930 4136 1109 4203 „Alios
1162 4136 1401 4204 populos
1438 4137 1495 4189 in
1531 4136 1733 4190 finibus
1770 4137 1901 4205 ipsis
1935 4137 2191 4192 hostibus
2227 4136 2487 4206 opponit3
2526 4138 2665 4193 alios

332 4223 412 4290 „in
480 4225 743 4278 extremis
812 4224 1024 4288 statuit,
1097 4225 1369 4294 quosdam
1425 4226 1571 4280 bello
1631 4228 1825 4295 captos
1879 4226 1934 4279 in
1991 4226 2387 4297 supplementis
2441 4228 2666 4282 urbium

333 4312 560 4379 „dividit.
618 4313 799 4381 Atque
852 4314 933 4367 ita
988 4331 1056 4367 ex
1122 4314 1313 4368 multis
1391 4315 1662 4384 gentibus,
1718 4315 2146 4382 nationibusque
2199 4334 2376 4370 unum
2430 4334 2664 4386 regnum

334 4403 740 4471 „populumque
777 4403 1064 4457 constituit
1084 4401 1114 4427 ''

372 4489 416 4557 5)
453 4492 518 4545 cf.
561 4492 821 4546 Schaefer
857 4492 906 4546 3.
948 4492 1066 4546 103.
