3338 5350
1700 545 1786 610 60

569 762 609 805 a
652 746 848 828 parte
891 740 1271 805 Hadriatici
1311 741 1512 806 maris
1539 741 1925 806 habitantes
1953 741 2321 806 amicitiam
2343 764 2494 806 cum
2518 740 2909 808 Alexandro

567 848 780 912 iniere
804 847 877 934 1).

658 954 834 1020 Tum
875 976 999 1043 per
1047 954 1384 1042 Agrianos
1431 961 1500 1020 et
1544 956 1848 1021 Paeones
1895 956 2029 1020 iter
2074 956 2317 1021 direxit
2362 956 2434 1020 in
2476 955 2764 1042 Illyrios,
2793 956 2911 1041 qui

570 1061 693 1125 sub
736 1060 913 1127 Clito
960 1084 1118 1148 rege
1166 1068 1232 1128 et
1280 1063 1499 1148 adjuti
1545 1086 1586 1128 a
1632 1063 1920 1129 Glaucia
1953 1062 2514 1129 Taulantinorum
2536 1064 2843 1151 principe
2871 1086 2911 1128 a

569 1167 970 1234 Macedonia
1016 1168 1427 1234 defecerunt.
1497 1169 1716 1255 Illyrii
1755 1170 1842 1234 ad
1879 1168 2147 1233 Pelium
2192 1168 2521 1256 oppidum
2566 1168 2910 1255 profligati

571 1280 641 1339 et
684 1274 918 1361 rejecti
969 1281 1144 1359 sunt,
1192 1273 1409 1340 Clitus
1457 1276 1544 1341 ad
1591 1274 1949 1342 Glauciam
2013 1274 2336 1364 perfugit.
2409 1274 2908 1363 Suspicandum

571 1387 673 1446 est
715 1404 1001 1468 regnum
1046 1381 1559 1448 Macedonicum
1604 1381 1733 1448 hoc
1782 1381 1955 1447 bello
2005 1404 2045 1446 a
2081 1387 2276 1470 parte
2320 1381 2597 1467 Illyriae
2637 1388 2911 1447 auctum

570 1494 641 1553 et
681 1487 1026 1554 firmatum
1064 1510 1227 1571 esse,
1276 1489 1401 1576 ipsi
1449 1487 1627 1555 Clito
1678 1495 1925 1572 autem,
1989 1489 2226 1554 eodem
2270 1489 2472 1554 modo
2522 1510 2654 1574 quo
2700 1488 2909 1554 Glau-

569 1594 712 1658 ciae
757 1596 1175 1663 occasionem
1222 1595 1456 1660 datam
1500 1617 1663 1680 esse,
1711 1595 1952 1662 foedus
2001 1618 2291 1682 aequum
2340 1617 2494 1660 cum
2517 1594 2909 1661 Alexandro

568 1701 759 1766 inire.
851 1701 1104 1768 Milites
1152 1701 1334 1767 enim
1379 1701 1656 1788 Illyrici,
1729 1703 1999 1768 tametsi
2044 1702 2378 1768 Diodorus
2442 1702 2544 1766 17.
2577 1702 2679 1766 17.
2706 1703 2751 1766 4
2797 1723 2910 1768 eos

571 1814 1071 1893 commemorat,
1143 1810 1515 1876 secundum
1598 1811 1908 1897 Droysen
1983 1812 2040 1875 1.
2092 1811 2151 1874 1.
2205 1810 2331 1874 132
2399 1810 2473 1873 in
2535 1808 2910 1874 Alexandri

571 1915 869 1979 exercitu
913 1937 1052 1981 non
1097 1916 1555 1982 inveniuntur.
1628 1915 1815 1995 Quae
1860 1939 1965 1982 res
2014 1922 2241 1982 autem
2282 1916 2407 1981 hoc
2453 1916 2653 1981 modo
2701 1915 2910 2002 expli-

571 2022 791 2087 canda
860 2029 979 2087 est.
1092 2021 1150 2088 Ii
1218 2023 1438 2110 Illyrii
1504 2024 1622 2110 qui
1693 2023 2132 2089 Macedoniae
2205 2043 2343 2087 non
2413 2021 2661 2107 adjecti
2729 2027 2908 2104 sunt,

570 2128 809 2193 foedus
848 2151 1139 2216 aequum
1185 2151 1340 2195 cum
1383 2129 1837 2195 Macedonum
1872 2151 2032 2215 rege
2058 2128 2377 2203 inierunt,
2417 2150 2638 2214 neque
2663 2129 2911 2194 milites

574 2236 661 2300 ad
707 2235 1081 2302 Alexandri
1131 2237 1497 2303 exercitum
1542 2239 1888 2302 miserunt.
1981 2236 2200 2322 Illyrii
2261 2242 2489 2301 autem
2535 2259 2576 2300 a
2611 2235 2911 2301 Diodoro

572 2345 1077 2409 commemorati
1147 2345 1337 2410 sedes
1404 2344 1792 2410 habuerunt
1843 2344 1916 2408 in
1984 2350 2179 2431 parte
2226 2342 2652 2408 meridionali
2689 2342 2912 2408 Mace-

573 2450 815 2516 doniae
861 2450 1146 2537 adjecta,
1197 2452 1314 2537 qui
1339 2451 1606 2536 milites,
1653 2451 1814 2516 licet
1837 2451 2240 2517 Macedones
2267 2456 2507 2534 essent,
2555 2472 2914 2539 perperam

575 2579 616 2621 a
658 2563 887 2623 nostro
932 2556 1152 2643 Illyrii
1200 2563 1548 2624 vocantur.

662 2661 858 2743 Quod
917 2670 1144 2731 autem
1211 2688 1368 2754 pars
1412 2663 1876 2731 Meridionalis
1914 2663 2211 2751 Illyriae,
2263 2670 2330 2730 et
2377 2665 2687 2751 regiones
2734 2664 2915 2731 circa

571 2771 796 2837 lacum
856 2769 1340 2858 Lychnitidem
1388 2779 1507 2837 aut
1551 2794 1752 2856 nunc,
1802 2779 1920 2837 aut
1969 2779 2169 2837 antea
2215 2794 2427 2858 regno
2467 2771 2910 2838 Macedonico

576 2877 883 2964 adjectae
927 2878 1224 2963 fuerunt,
1273 2902 1355 2945 ex
1404 2880 1840 2965 sequentibus
1885 2885 2094 2968 patet.

663 2984 945 3051 Constat
1011 2986 1191 3052 bello
1257 2986 1532 3074 Illyrico
1599 2986 1930 3071 confectO,
2001 2987 2131 3075 ipsi
2197 2985 2590 3051 Alexandro
2650 2985 2916 3049 nullam

575 3092 841 3178 copiam
889 3092 1095 3158 fuisse
1139 3095 1587 3182 persequendi
1634 3095 1881 3178 hostes,
1927 3115 2313 3180 regemque,
2359 3114 2517 3157 cum
2561 3115 2666 3157 res
2706 3092 2915 3157 Grae·

575 3198 719 3262 ciae
788 3222 941 3264 eum
1007 3200 1169 3265 illuc
1250 3207 1590 3285 vocarent,
1679 3222 1885 3287 quam
1954 3199 2318 3264 celerrimis
2402 3197 2756 3263 itineribus
2824 3197 2915 3263 ad

572 3306 905 3372 sedandas
950 3307 1183 3372 turbas
1231 3308 1580 3373 Meridiem
1629 3330 1858 3373 versus
1901 3307 2326 3371 contendisse
2355 3307 2428 3389 2),
2466 3305 2716 3370 idcirco
2761 3327 2916 3392 per·

576 3414 987 3477 secutionem
1031 3413 1421 3499 Illyriorum
1467 3413 1721 3480 factam
1762 3437 1906 3479 esse
1951 3435 1991 3478 a
2037 3414 2239 3498 regiis
2288 3413 2519 3477 amicis
2565 3418 2689 3483 τοῖς
2713 3411 2912 3491 ἀμφὶ

577 3516 1003 3601 Ἀλέξανδρον,
1050 3526 1124 3584 ut
1172 3520 1499 3585 Arrianus
1544 3521 1692 3586 loco
1735 3521 2016 3586 laudato
2061 3526 2310 3584 narrat.
2405 3519 2593 3584 Haec
2647 3540 2920 3604 quoque

576 3648 681 3690 res
730 3630 1014 3708 constat,
1056 3626 1524 3691 Alexandrum
1569 3628 1735 3692 dum
1779 3627 1923 3715 ipse
1973 3626 2434 3714 expeditiones
2480 3625 2645 3691 fecit
2682 3630 2922 3690 contra

574 3732 897 3798 finitimos
945 3731 1285 3816 barbaroS,
1356 3756 1460 3798 res
1505 3733 1949 3801 Macedoniae
1997 3734 2364 3821 Antipatro
2406 3733 2820 3798 commisisse
2841 3730 2918 3816 3),

575 3839 757 3904 hunc
803 3845 1030 3905 autem
1096 3839 1265 3904 fines
1326 3839 1796 3906 Macedonicos
1858 3863 1899 3906 a
1942 3847 2138 3929 parte
2183 3839 2459 3926 Illyriae
2518 3840 2918 3923 firmavisse,

575 3952 652 4010 ut
695 3951 1033 4012 testantur
1080 3948 1214 4012 duo
1260 3948 1515 4035 oppida
1558 3946 1953 4035 Antipatria
1997 3948 2271 4013 nomine
2320 3947 2607 4011 alterum
2655 3966 2694 4008 a
2742 3942 2913 4031 Sep-

581 4175 1003 4184 -..—————

629 4346 678 4414 1)
717 4346 918 4402 Strabo
955 4345 1090 4414 3013
1126 4345 1337 4400 Arrian.
1379 4346 1426 4398 1.
1465 4345 1514 4398 4.
1554 4345 1603 4398 7.

630 4435 679 4506 2)
714 4436 922 4490 Arrian.
967 4435 1014 4488 1.
1056 4435 1103 4490 7.
1144 4436 1193 4489 5.

628 4525 678 4590 3)
715 4525 983 4596 Droysen.
1023 4525 1071 4578 1.
1112 4525 1158 4578 1.
1200 4524 1317 4578 119.
1357 4523 1668 4579 Dinarchus
1707 4525 1753 4578 1.
1795 4525 1822 4589 ἓ
1861 4522 1946 4577 18.

3312 680 3316 701 -.
3296 1 3316 651 -..μιᾷ-.-
