3338 5350
12 321 45 592 *fimi-..u

1522 540 1647 604 159

409 744 553 803 erat
621 740 692 802 in
763 735 1166 802 Macedonia
1213 742 1281 800 et
1326 735 1631 815 Graecia,
1700 735 1867 800 haec
1912 736 2140 800 omnia
2185 758 2428 802 causae
2472 736 2749 802 fuerunt

410 846 721 910 interitus
769 844 933 929 ejus,
1025 844 1204 909 Nam
1264 844 1663 907 necessitate
1725 843 1940 908 coacti
1998 843 2240 928 reliqui
2285 865 2478 929 reges
2524 844 2748 909 Ptole-

410 974 660 1036 macne,
734 952 1179 1037 Lysimachus
1242 955 1311 1014 et
1378 947 1698 1013 Seleucus
1768 970 1911 1013 sese
1977 970 2132 1014 cum
2181 949 2446 1035 Pyrrho
2516 957 2752 1015 contra

414 1081 570 1124 eum
614 1058 1130 1143 conjunxerunt.

500 1165 802 1251 Pyrrhus
877 1172 945 1229 et
1012 1165 1455 1250 Lysimachus
1523 1186 1563 1227 a
1622 1163 1885 1228 duabus
1929 1163 2234 1250 partibus
2279 1164 2752 1229 Macedoniam

410 1274 827 1354 invaserunt,
900 1272 1231 1336 Demetrii
1300 1272 1627 1335 exercitus
1698 1271 1785 1335 ad
1852 1269 2193 1356 Pyrrhum
2260 1272 2546 1355 transiit,
2607 1271 2754 1358 ipse

413 1402 532 1444 rex
600 1379 768 1464 fuga
836 1378 1123 1443 salutem
1187 1385 1419 1465 petere
1488 1385 1777 1460 coactuS,
1851 1378 1924 1441 in
1993 1378 2348 1443 Graeciam
2412 1379 2498 1443 ad
2536 1378 2753 1443 filium

413 1486 859 1571 Antigonum,
907 1486 1025 1570 qui
1070 1485 1211 1549 illic
1255 1484 1456 1549 rebus
1502 1484 1822 1572 praefuit,
1848 1506 1917 1549 se
1943 1485 2249 1550 contulit.
2296 1485 2435 1550 Ubi
2456 1486 2753 1572 primum

416 1616 495 1658 eo
541 1593 840 1677 advenit,
888 1591 1196 1657 Thebani
1244 1593 1328 1657 ab
1378 1612 1456 1656 eo
1502 1592 1575 1655 in
1620 1591 2008 1656 libertatem
2053 1593 2348 1657 restituti
2375 1599 2550 1676 sunt,
2599 1613 2756 1656 cum

413 1700 863 1765 Athenienses
911 1707 1123 1764 semet
1159 1700 1339 1786 ipsos
1376 1698 1779 1781 liberarent;
1807 1699 2147 1785 praesidia
2171 1699 2501 1764 Demetrii
2526 1706 2754 1764 autem

414 1809 489 1872 in
533 1808 793 1891 Piraeo,
864 1806 1274 1892 Munychiae
1346 1812 1414 1870 et
1457 1807 1781 1871 Eleusine
1841 1814 2253 1872 manserunt.
2345 1806 2525 1871 Pace
2569 1805 2756 1872 facta

414 1915 595 1979 inter
639 1914 1061 1979 Demetrium
1106 1920 1177 1977 et
1220 1913 1562 1999 Pyrrhum
1608 1914 1723 1979 hic
1767 1937 1885 1978 rex
1928 1913 2370 1980 Macedoniae
2407 1914 2629 1979 factus
2656 1922 2757 1980 est

417 2031 530 2103 (ao.
577 2023 757 2107 287),
827 2023 945 2087 sed
1015 2020 1213 2086 simul
1282 2022 1611 2087 concessit
1672 2022 2018 2087 Demetrio
2065 2022 2484 2087 Thessaliam
2531 2030 2598 2086 et
2643 2044 2755 2088 eas

416 2131 616 2195 urbes
686 2129 1013 2195 Graeciae
1078 2150 1247 2214 quas
1320 2129 1541 2194 adhuc
1608 2129 2008 2216 possideret,
2073 2128 2482 2214 Lysimacho
2529 2137 2758 2194 autem

420 2237 608 2301 dedit
653 2236 961 2321 regiones
1007 2236 1185 2300 inter
1232 2233 1666 2320 Strymonem
1713 2242 1782 2300 et
1826 2237 2111 2300 Nestum
2149 2237 2451 2301 flumina.
2500 2237 2758 2301 Tamen

419 2344 803 2409 Demetrius
862 2343 1010 2427 jam
1078 2363 1234 2406 mox
1300 2363 1443 2406 sese
1509 2342 1583 2406 in
1645 2343 1882 2407 Asiam
1953 2343 2259 2408 conferre
2320 2350 2588 2408 coactus
2635 2350 2757 2426 est,
2824 2421 2827 2424 .

416 2452 535 2517 ubi
583 2471 760 2515 anno
805 2449 936 2514 285
975 2449 1287 2535 captivus
1333 2447 1555 2513 factus
1606 2471 1645 2514 a
1692 2447 1973 2515 Seleuco
2018 2450 2091 2513 in
2137 2451 2444 2515 custodia
2488 2451 2760 2516 habitus

420 2566 538 2643 est,
586 2580 798 2644 usque
846 2557 933 2621 ad
983 2578 1235 2621 annum
1275 2555 1426 2639 282,
1454 2578 1609 2621 cum
1632 2556 1815 2621 diem
1848 2579 2238 2644 supremum
2261 2558 2450 2623 obiit.
2499 2539 2758 2623 Titulos

421 2687 571 2732 suos
604 2664 749 2751 jam
798 2670 1000 2729 antea
1043 2662 1183 2730 filio
1230 2685 1351 2729 suo
1397 2647 1748 2749 Antigono
1787 2671 2206 2730 concesserat
2233 2665 2299 2739 1).

507 2774 879 2857 Postquam
947 2772 1334 2836 Demetrius
1404 2793 1549 2836 sese
1614 2774 1687 2835 in
1756 2772 1995 2836 Asiam
2061 2773 2384 2856 contulit,
2456 2773 2759 2859 Pyrrhus

420 2880 619 2945 urbes
666 2878 1085 2943 Thessalicas
1155 2878 1563 2963 Lysimacho
1638 2886 1910 2944 auctore
1969 2881 2056 2944 ad
2103 2879 2557 2945 defectionem
2599 2880 2762 2944 inci-

419 2991 615 3071 tavit,
663 2987 806 3053 sola
851 2970 1227 3050 Demetrias
1276 3007 1420 3049 sese
1466 2992 1701 3050 contra
1746 2987 2101 3073 Epirotam
2150 2987 2470 3052 sustinuit
2490 2988 2566 3071 2).

511 3093 646 3159 Sed
739 3093 1043 3178 Pyrrhus
1113 3091 1598 3156 Macedonibus
1663 3114 1887 3178 neque
1952 3094 2170 3179 magis
2242 3101 2556 3181 acceptus
2617 3101 2764 3159 erat

421 3225 627 3288 quam
694 3199 1100 3282 DemetriUS,
1173 3199 1341 3264 adeo
1411 3206 1489 3263 ut
1550 3198 1697 3284 jam
1767 3202 2076 3285 sequenti
2138 3223 2316 3267 anno
2384 3203 2536 3286 286,
2607 3223 2761 3267 cum

422 3309 866 3396 Lysimachus
933 3329 1222 3392 regnum
1293 3305 1437 3391 ejus
1508 3308 2012 3393 aggrederetur,
2053 3307 2255 3374 facile
2300 3308 2535 3395 pulsus
2580 3310 2669 3372 sit
2690 3307 2761 3392 3).

422 3415 867 3503 Lysimachus
916 3419 1144 3477 autem
1168 3414 1640 3478 Macedoniam
1661 3414 1947 3501 imperio
1975 3436 2093 3479 suo
2119 3414 2453 3500 adjunxit.
2501 3415 2764 3480 Eodem

421 3524 622 3588 modo
671 3544 805 3608 quo
851 3520 1270 3603 Macedonia,
1319 3518 1669 3585 Thessalia
1713 3542 1984 3606 quoque
2021 3529 2305 3609 excepta
2328 3520 2764 3587 Demetriade

421 3647 630 3711 regno
675 3626 1069 3711 Lysimachi
1118 3627 1440 3713 adjuncta
1487 3633 1620 3711 est3
1667 3627 1726 3691 is
1767 3628 2044 3714 insuper
2089 3650 2244 3694 cum
2288 3630 2550 3694 Aetolis
2599 3629 2762 3693 ami-

424 3732 584 3797 citia
630 3735 1029 3819 conjunctus
1077 3741 1242 3818 erat,
1295 3733 1483 3819 cujus
1529 3737 1627 3798 rei
1676 3735 2156 3800 documentum
2219 3743 2320 3801 est
2361 3737 2522 3801 urbs
2570 3736 2764 3821 Lysi-

424 3840 690 3904 machia
732 3842 806 3905 in
851 3848 1048 3929 parte
1109 3840 1529 3907 Occidentali
1588 3839 1905 3906 Aetoliae
1952 3843 2245 3926 condita,
2295 3865 2470 3928 quae
2516 3864 2764 3908 nomen

427 3969 468 4010 a
511 3968 670 4032 rege
721 3948 981 4036 accepit
1002 3947 1069 4028 4).

476 4214 525 4280 1)
561 4217 707 4271 Plut.
747 4217 903 4271 Dem.
938 4217 1023 4271 51.

483 4305 528 4371 2)
564 4307 709 4360 Plut.
750 4307 947 4376 Pyrrh.
987 4308 1068 4360 12.

478 4392 527 4460 3)
564 4395 711 4450 Plut.
750 4396 944 4466 Pyrrh.
986 4396 1068 4449 12.
1107 4394 1375 4458 ἀποβαλὼν
1412 4395 1714 4446 Μακεδονίαν
1752 4395 1786 4461 ᾧ
1815 4400 1975 4461 τρόπῳ
2013 4396 2291 4460 παρέλαβεν
2329 4398 2492 4453 Paus.
2533 4400 2581 4453 l.
2607 4399 2686 4452 10.
2713 4399 2762 4452 2.

477 4483 522 4552 4)
566 4486 756 4551 Polyb.
797 4485 846 4538 ὃ.
888 4486 934 4537 7.
975 4486 1022 4537 7.
1060 4487 1174 4540 Liv.
1208 4487 1293 4540 36.
1336 4486 1415 4539 11.
1458 4485 1505 4539 7.
1547 4486 1749 4541 Strabo
1788 4488 1906 4541 460.
1946 4489 2194 4554 Droysen
2230 4488 2280 4541 3.
2321 4488 2369 4541 2.
2411 4488 2532 4541 327.
