3338 5350
1498 473 1624 535 135

385 674 472 732 ut
544 668 773 733 odium
833 690 1028 733 suum
1089 669 1158 731 in
1229 668 1504 733 domum
1571 666 1945 732 Alexandri
2016 673 2084 731 et
2127 667 2199 730 in
2235 668 2454 753 ipsum
2500 688 2731 751 regem

387 776 798 840 ostenderet.
893 775 1098 854 Quasi
1168 798 1303 841 non
1377 775 1539 840 satis
1613 774 1848 839 fuisset
1919 795 2075 839 eum
2144 772 2403 859 regiam
2449 779 2732 837 matrem

389 882 735 964 occidisse,
798 882 1011 947 libera
1057 883 1363 948 custodia
1413 903 1760 948 asservare
1804 902 2091 968 puerum
2134 883 2398 966 regium
2442 880 2734 945 Alexan-

393 990 600 1054 drum
667 1010 818 1053 cum
886 996 1101 1054 matre
1168 990 1472 1071 Boxane,
1546 990 1851 1055 omnium
1918 988 2215 1075 primum
2282 989 2350 1053 id
2400 988 2736 1053 studuisse

393 1097 694 1160 videtur.
729 1102 824 1178 ut,
895 1104 1226 1182 quantum
1294 1096 1442 1161 fieri
1499 1103 1746 1184 posset,
1796 1096 2051 1161 deleret
2094 1095 2386 1181 vestigia
2408 1096 2735 1170 ,domina-

393 1203 599 1267 tionis
680 1203 982 1291 Philippi
1070 1210 1137 1267 et
1217 1203 1590 1268 Alexandri
1639 1202 1711 1286 1).
1797 1202 1980 1268 Fieri
2060 1202 2242 1267 enim
2310 1225 2447 1267 non
2513 1209 2737 1289 potest

397 1311 568 1396 quin
646 1310 952 1375 diversae
1033 1310 1233 1375 urbes
1314 1334 1348 1374 a
1436 1308 1817 1375 Cassandro
1907 1309 2219 1375 conditae
2288 1310 2446 1374 huic
2514 1309 2736 1374 studio

397 1416 875 1481 attribuendae
936 1419 1088 1481 sint.
1184 1417 1297 1482 Sic
1346 1418 1565 1504 primo
1613 1417 1761 1483 loco
1807 1416 2280 1481 Thessalonice
2326 1417 2739 1481 nominanda

398 1530 521 1605 est,
609 1546 784 1609 quae
866 1524 1025 1589 urbs
1115 1524 1485 1589 secundum
1555 1524 1959 1589 Strabonem
2027 1523 2159 1587 330
2226 1522 2310 1587 fr.
2384 1523 2471 1586 24
2537 1529 2738 1586 antea

397 1630 689 1695 Therme
737 1631 1228 1719 appellabatur,
1277 1652 1458 1696 nunc
1505 1617 1732 1696 autem
1779 1653 2024 1697 nomen
2072 1632 2333 1717 accepit
2379 1630 2737 1696 Cassandri

397 1738 646 1803 uxoris,
740 1738 1010 1825 Oppida
1072 1745 1301 1803 autem
1370 1758 1544 1823 quae
1614 1737 1773 1802 huic
1821 1736 1967 1801 urbi
2015 1735 2322 1821 injuncta
2365 1742 2542 1816 sunt,
2588 1736 2732 1801 fue-

394 1852 560 1909 runt
649 1845 1049 1932 Apollonia,
1141 1843 1528 1927 Chalastra,
1621 1844 1947 1927 Therma,
2041 1844 2392 1927 Garescus,
2483 1844 2736 1925 Aenea,

399 1951 627 2017 Cissus
657 1953 730 2038 2).

491 2059 678 2137 Quod
773 2061 1020 2124 attinet
1109 2061 1197 2124 ad
1288 2058 1641 2124 Strabonis
1733 2060 2141 2124 sententiam
2209 2058 2356 2124 loco
2426 2057 2736 2123 laudato:

396 2164 687 2229 καθελὼν
748 2165 830 2228 τὰ
893 2168 952 2229 ἐν
1015 2175 1091 2245 τῇ
1156 2163 1435 2246 Κρουσίδι
1506 2165 1877 2242 πολίσματα
1926 2166 2034 2229 καὶ
2084 2164 2168 2229 τὰ
2218 2167 2276 2228 ἐν
2323 2166 2405 2245 τῷ
2453 2163 2745 2245 Θερμαίῳ

398 2270 612 2351 κόλπῳ
659 2272 793 2352 περὶ
845 2270 915 2347 ἒξ
960 2272 1065 2336 καὶ
1115 2272 1295 2336 εἴκοσι
1339 2272 1444 2336 καὶ
1491 2273 1834 2345 συνοικίσας
1880 2274 1958 2337 εἰς
2003 2268 2098 2346 ἕνς
2140 2270 2365 2337 facere
2409 2294 2546 2338 non
2589 2293 2740 2359 pos-

396 2402 629 2444 sumus
701 2381 863 2464 quin
932 2382 1301 2465 cogitemus
1364 2380 1449 2444 de
1494 2379 1848 2460 συνοικίσμῳ
1895 2386 1970 2444 ut
2016 2379 2358 2444 elaborate
2407 2379 2742 2464 descripta

396 2493 503 2552 est
573 2510 613 2551 a
682 2486 1079 2573 Thucydide
1148 2488 1207 2551 2.
1285 2489 1386 2551 15.
1482 2487 1923 2573 Magistratus
1994 2494 2064 2551 et
2130 2487 2444 2550 instituta
2513 2506 2742 2550 eorum

395 2594 700 2659 locorum
770 2594 1037 2659 sublata
1105 2601 1281 2675 sunt,
1353 2593 1513 2659 urbs
1562 2593 1876 2683 capitalis
1920 2593 2001 2658 fit
2047 2593 2237 2657 sedes
2284 2592 2739 2678 magistratuS,

396 2700 662 2787 reliqua
731 2702 880 2767 loca
947 2703 1254 2767 vicorum
1318 2704 1533 2767 instar
1599 2702 1777 2766 fiunt
1802 2701 1876 2789 3).
1946 2701 2182 2766 Aenea
2228 2722 2283 2765 e.
2333 2723 2397 2786 g.
2447 2702 2518 2766 in
2562 2698 2742 2765 bello

399 2807 671 2874 Persico
717 2816 1241 2874 commemorata
1288 2815 1407 2892 est,
1456 2810 1690 2895 itaque
1735 2809 2019 2896 posthac
2065 2808 2291 2873 extitit
2316 2807 2383 2889 4).

494 2915 596 2979 De
642 2915 1177 2981 institutionibus
1224 2923 1293 2981 et
1337 2916 1846 3002 magistratibus
1891 2915 2064 2979 nihil
2111 2915 2375 2998 scimuS,
2407 2915 2540 2978 nisi
2562 2914 2742 3000 quod

402 3025 726 3088 memoria
793 3044 911 3088 sex
970 3022 1527 3106 Politarcharum,
1598 3045 1753 3088 cum
1820 3022 2034 3087 tamia
2096 3029 2163 3086 et
2206 3019 2742 3107 gymnasiarcha,

405 3136 699 3195 aetatem
767 3131 926 3195 tulit
953 3130 1024 3213 5).
1096 3131 1179 3194 In
1247 3129 1652 3218 paeninsula
1719 3128 2000 3195 Pallene
2047 3131 2124 3194 iis
2170 3129 2333 3195 locis
2381 3128 2498 3192 ubi
2546 3134 2746 3193 antea

401 3237 730 3303 Potidaea
799 3244 864 3302 et
934 3236 1272 3323 Olynthus
1341 3242 1693 3316 steterunt,
1740 3234 2116 3302 Cassander
2160 3237 2464 3302 condidit
2511 3237 2746 3302 urbem

406 3345 897 3410 Cassandream
942 3344 1009 3427 6).
1062 3346 1143 3409 In
1189 3345 1365 3410 hanc
1410 3343 1649 3409 urbem
1687 3343 2024 3408 contraxit
2060 3345 2257 3410 urbes
2303 3344 2747 3409 Chersonnesi

406 3457 472 3516 et
543 3452 961 3531 Potidaeam,
1011 3458 1079 3517 et
1124 3452 1307 3516 haud
1355 3452 1452 3516 ita
1494 3471 1746 3538 paucos
1794 3472 1831 3514 e
1876 3449 2037 3515 locis
2083 3449 2392 3515 finitimis
2436 3456 2747 3536 interque

405 3579 519 3624 eos
589 3560 1067 3646 Olynthiorum
1127 3560 1352 3624 adhuc
1415 3558 1725 3644 reliquOS,
1775 3559 1958 3623 haud
2004 3579 2219 3644 parvo
2264 3580 2564 3623 numero.
2656 3558 2747 3623 Et

406 3725 540 3732 ί*

459 3794 505 3857 1)
544 3796 609 3849 cf.
650 3795 808 3848 Diod.
849 3797 928 3849 19.
962 3796 1047 3849 61.
1086 3796 1135 3848 2.

458 3884 507 3949 2)
546 3885 745 3939 Strabo
782 3885 889 3938 330
924 3885 988 3938 fr.
1032 3885 1119 3939 21.

459 3973 505 4041 3)
540 3975 652 4027 Liv.
705 3974 789 4026 26.
831 3975 912 4028 16.
952 3974 1000 4028 9.
1042 3991 1279 4044 „corpus
1316 3974 1532 4027 nullum
1570 3973 1822 4037 civitatis,
1860 3989 1962 4027 nec
2000 3975 2245 4031 senatus,
2280 3989 2383 4026 nec
2420 3972 2596 4042 plebis
2622 3988 2749 4025 con-

408 4063 610 4132 cilium,
648 4081 751 4117 nec
787 4065 1147 4134 magistratus
1185 4061 1355 4117 esse''.

462 4152 506 4218 4)
542 4154 657 4207 Liv.
697 4154 781 4207 40.
820 4155 854 4206 4
893 4157 948 4207 et
984 4155 1068 4207 44.
1110 4154 1192 4207 10.
1234 4155 1280 4206 7.

460 4242 507 4306 5)
543 4245 679 4298 Acta
715 4245 905 4313 Apost.
945 4244 1027 4297 17.
1066 4244 1115 4297 6.
1158 4245 1214 4298 C.
1255 4244 1295 4298 Ι.
1337 4243 1399 4299 G.
1439 4261 1518 4299 no.
1562 4243 1699 4296 1967
1738 4243 1804 4296 cf.
1843 4242 1979 4295 Add.
2019 4241 2133 4295 vol.
2175 4242 2228 4295 11
2267 4241 2386 4294 990.
2428 4240 2750 4310 Philologus

413 4333 496 4385 29.
534 4351 586 4403 p.
625 4333 742 4386 752.

464 4420 513 4487 6)
552 4422 752 4476 Strabo
791 4422 896 4475 330
933 4422 998 4475 fr.
1038 4422 1106 4475 25
1146 4425 1200 4477 et
1236 4422 1320 4475 27.
