3338 5350
1530 499 1652 562 151

438 691 632 757 clade
674 692 854 780 apud
898 690 1314 757 Salaminem
1354 694 1764 776 deminutae,
1811 716 1936 758 nec
1981 700 2213 759 tamen
2257 694 2515 760 fractae
2558 703 2771 778 erant,

438 820 659 883 neque
705 799 922 884 magis
968 799 1414 883 Lysimachus
1459 800 1809 886 Antigono
1848 822 1973 888 par
2022 808 2205 865 erat:
2273 802 2391 866 sed
2436 802 2773 868 nihilomi-

436 927 565 970 nus
611 905 696 969 ab
743 904 873 970 hac
913 928 989 970 re
1035 906 1415 971 cavendum
1462 913 1581 988 est,
1634 929 1723 971 ne
1746 907 1947 971 nimis
1970 907 2128 971 huic
2151 907 2351 973 titulo
2375 908 2773 975 tribuamus,

436 1012 595 1098 Ipso
641 1010 825 1077 facto
871 1012 1055 1076 enim
1091 1011 1239 1097 jam
1283 1013 1444 1078 inde
1491 1013 1576 1078 ab
1622 1035 1802 1079 anno
1849 1014 1998 1096 316,
2047 1021 2127 1078 ut
2172 1036 2377 1102 supra
2423 1016 2776 1081 ostendere

437 1118 664 1184 conati
733 1140 982 1202 sumus,
1052 1119 1418 1207 imperium
1479 1119 1884 1185 dissolutum
1955 1127 2120 1204 erat,
2177 1121 2324 1207 jam
2391 1127 2551 1185 ante
2595 1123 2777 1187 1111110

439 1247 691 1289 8111111111
737 1224 1124 1311 Antigonus
1171 1227 1424 1291 vindex
1471 1249 1774 1291 summae
1818 1228 2024 1292 totius
2071 1227 2314 1312 extitit,
2360 1231 2590 1314 itaque
2628 1229 2775 1313 jam

436 1331 651 1397 multo
722 1339 880 1396 ante
926 1354 1007 1397 ea
1055 1334 1464 1416 acciderunt,
1532 1356 1708 1420 quae
1777 1334 1910 1400 viri
1969 1334 2152 1399 docti
2218 1357 2423 1423 supra
2467 1337 2657 1402 citati
2703 1333 2774 1402 in

438 1439 620 1503 hunc
660 1461 913 1504 annum
959 1438 1337 1505 conferunt.

525 1545 886 1612 Praeterea
931 1552 1215 1611 eventus
1261 1569 1488 1612 rerum
1531 1555 1762 1614 monet
1805 1570 1950 1613 rem
1996 1549 2175 1634 quod
2225 1549 2311 1614 ad
2357 1551 2538 1637 ipsos
2562 1573 2775 1617 novos

436 1675 629 1739 reges
677 1655 939 1736 attinet,
987 1675 1127 1719 non
1172 1656 1348 1719 tanti
1390 1652 1618 1720 fuisse.
1664 1654 1836 1719 Cum
1882 1655 2129 1742 reliqui
2164 1657 2504 1745 principes
2543 1659 2775 1723 statim

433 1760 768 1845 Antigoni
846 1760 1232 1849 exemplum
1316 1764 1525 1826 secuti
1596 1761 1752 1842 sint,
1841 1761 2226 1849 Antigonus
2316 1763 2505 1828 nullo
2573 1766 2775 1831 modo

436 1866 704 1932 efficere
749 1868 992 1955 potuit,
1053 1874 1131 1932 ut
1190 1866 1555 1934 illustriore
1599 1868 1801 1934 titulo
1850 1870 2026 1934 inter
2069 1869 2363 1957 reliquos
2409 1870 2774 1937 diadochos

436 1974 739 2040 eniteret.

523 2080 902 2148 Cassander
944 2082 1091 2170 ipse
1136 2104 1315 2148 novo
1362 2082 1562 2148 titulo
1608 2105 1747 2149 non
1805 2106 1965 2149 usus
2013 2107 2154 2150 esse
2201 2085 2493 2167 videtur,
2542 2091 2773 2150 tamen

430 2190 504 2252 in
549 2188 841 2252 nummis
889 2194 955 2253 et
1004 2188 1220 2253 titulis
1265 2190 1574 2276 publicis,
1623 2190 1831 2255 etiam
1876 2190 1985 2255 hic
2029 2213 2148 2256 rex
2173 2191 2554 2279 appellatus
2579 2197 2681 2257 est
2701 2192 2772 2274 1).

432 2294 582 2360 Hoc
626 2301 897 2361 tantum
966 2301 1230 2361 constat
1290 2295 1484 2362 110018
1554 2297 1716 2360 inde
1765 2296 1850 2361 ab
1898 2319 2075 2363 anno
2121 2299 2252 2363 306
2296 2320 2436 2363 non
2483 2298 2772 2386 amplius

431 2402 620 2488 loqui
678 2402 882 2469 licere
931 2404 1017 2470 de
1061 2404 1427 2490 provinciis
1495 2403 1767 2491 pristini
1828 2404 2092 2492 imperii
2136 2405 2531 2489 Alexandri,
2580 2404 2773 2471 nobis

431 2531 614 2574 1111110
682 2532 825 2576 rem
896 2533 1042 2577 esse
1112 2533 1265 2576 cum
1330 2511 1613 2577 diversis
1683 2511 1932 2597 regniS,
2003 2532 2158 2577 cum
2236 2513 2411 2578 veris
2478 2512 2772 2599 regibus

431 2617 660 2683 Etiam
704 2619 835 2707 ipsi
881 2619 1243 2707 principes,
1289 2641 1472 2685 1111110
1509 2640 1724 2706 regeS,
1771 2619 2012 2685 habitu
2077 2626 2145 2685 et
2187 2619 2486 2686 moribus
2530 2621 2777 2686 mutati

434 2748 575 2790 esse
643 2726 983 2810 videntur,
1056 2726 1409 2814 superbius
1494 2749 1637 2791 sese
1697 2749 1931 2812 gerere
1999 2729 2355 2816 incipiunt,
2426 2735 2775 2813 tamquam

431 2832 789 2898 histriones
834 2836 952 2920 qui
1000 2834 1201 2899 simul
1243 2855 1399 2899 011111
1438 2835 1860 2899 vestimentis
1906 2835 2112 2899 etiam
2135 2835 2425 2919 gradum
2449 2841 2518 2900 et
2540 2857 2777 2901 vocem

433 2945 720 3023 mutant,
767 2947 848 3005 ut
900 2941 1166 3029 scripsit
1208 2940 1617 3007 Plutarchus
1665 2942 2052 3006 Demetrius
2095 2942 2198 3007 18.
2688 3002 2693 3005 ,

519 3047 748 3111 Etiam
815 3070 921 3113 res
991 3055 1144 3136 post
1215 3070 1470 3113 annum
1539 3049 1672 3112 306
1742 3048 1827 3112 ab
1898 3048 2246 3134 Antigono
2314 3056 2384 3113 et
2428 3049 2775 3114 Demetrio

430 3159 681 3239 gestae,
731 3156 1196 3221 demonstrant
1243 3156 1343 3238 iis,
1391 3155 1448 3219 si
1491 3154 1772 3241 quidem
1812 3156 2204 3221 universum
2249 3157 2610 3244 imperium
2649 3156 2777 3221 8101

431 3263 890 3346 vindicabant,
938 3285 1082 3328 rem
1150 3263 1360 3328 fuisse
1426 3284 1582 3328 cum
1652 3261 2053 3327 adversariis
2123 3264 2367 3349 quibus
2436 3270 2777 3351 postremo

428 3370 719 3455 impares
769 3392 910 3435 esse
957 3372 1084 3435 visi
1132 3377 1305 3435 sunt.
1380 3368 1574 3448 Quod
1616 3371 1763 3455 jam
1809 3371 2107 3437 ostendit
2155 3371 2495 3458 expeditio
2542 3377 2778 3435 contra

429 3476 897 3542 Ptolemaeum
944 3480 1103 3542 anni
1152 3478 1317 3560 3063
1366 3499 1504 3543 11011
1552 3478 1775 3544 minus
1822 3479 2192 3544 clarissima
2236 3478 2466 3543 Rhodi
2491 3478 2774 3560 obsidio,

431 3604 605 3668 quae
674 3605 851 3649 anno
921 3585 1054 3649 304
1121 3584 1330 3649 finem
1397 3585 1599 3671 cepit,
1671 3607 1826 3650 cum
1894 3586 2167 3651 interim
2237 3586 2466 3651 omnia
2513 3607 2687 3670 quae
2737 3608 2776 3650 a

427 3690 775 3756 Demetrio
847 3692 919 3756 in
987 3692 1278 3757 Graecia
1345 3692 1660 3757 instituta
1728 3699 1940 3774 erant,
2017 3716 2058 3757 a
2130 3692 2508 3758 Cassandro
2584 3692 2777 3756 irrita

430 3795 614 3862 facta
682 3806 859 3864 sunt.
950 3799 1193 3865 Boeoti
1279 3799 1546 3865 Chalcis
1619 3808 1688 3865 et
1762 3799 2041 3865 Euboea
2111 3821 2253 3865 sese
2320 3821 2551 3864 rursus
2619 3799 2776 3864 huic

430 3904 965 3991 applicaverunt,
1030 3907 1344 3972 Athenae
1390 3908 1474 3972 80
1516 3929 1593 3973 00
1642 3906 1822 3972 bello
1867 3905 2216 3971 lacessitae
2273 3911 2450 3989 sunt,
2498 3905 2777 3971 castella

426 4011 697 4097 Phylen
787 4020 856 4078 et
935 4015 1315 4079 Panactum
1400 4015 1777 4102 occupavit,
1866 4013 1977 4078 vel
2063 4014 2150 4079 ad
2234 4013 2456 4101 ipsam
2538 4013 2777 4079 urbem

424 4127 649 4183 castra
704 4121 930 4206 posita
990 4128 1164 4186 sunt.
1261 4120 1397 4186 Sed
1468 4129 1622 4208 post
1682 4143 1923 4209 pacem
1981 4142 2136 4186 cum
2182 4122 2470 4187 Rhodiis
2518 4120 2773 4186 factam

422 4225 809 4291 Demetrius
870 4228 941 4292 in
1003 4228 1361 4293 Graeciam
1405 4229 1689 4293 revertit
1735 4234 1805 4293 et
1852 4229 2082 4293 omnia
2127 4229 2197 4292 in
2245 4228 2590 4314 integrum
2638 4249 2773 4292 res-

481 4457 528 4525 1)
566 4458 806 4515 Dittenb.
847 4461 965 4515 178.
