3338 5350
1714 542 1838 607 146

597 745 833 824 gratae
878 738 1172 821 fuerint3
1222 737 1507 804 fortasse
1551 738 1779 823 aliquo
1824 739 2026 803 modo
2070 739 2251 802 inter
2296 760 2365 803 se
2413 738 2719 803 altercati
2742 746 2939 818 sunt3

597 846 933 911 Diodorus
984 847 1164 911 enim
1211 846 1311 910 20.
1340 846 1448 910 37.
1473 847 1515 908 2
1562 867 1942 910 memorans
1964 845 2348 933 pactionem
2376 868 2579 930 quam
2605 868 2782 911 anno
2807 847 2946 911 308

601 952 919 1036 inierunt,
969 975 1119 1018 eam
1164 953 1383 1032 εἰρήνην
1428 953 1753 1017 nominat.

685 1059 902 1126 Urbes
973 1059 1296 1125 Graeciae
1366 1066 1595 1124 autem
1662 1081 1803 1124 non
1872 1059 2313 1124 vehementer
2359 1066 2734 1125 commotae
2783 1068 2946 1124 sunt

598 1166 883 1232 decretis
930 1168 1259 1253 Antigoni
1305 1175 1374 1231 et
1417 1165 1814 1248 Ptolemaei,
1852 1168 2148 1254 primum
2174 1167 2355 1251 quod
2376 1167 2628 1251 ubique
2653 1167 2941 1232 aderant

601 1272 961 1338 Cassandri
1007 1274 1365 1360 praesidia,
1410 1281 1560 1337 tum
1603 1275 1966 1360 praecipue
2012 1274 2195 1359 quod
2233 1274 2381 1358 jam
2419 1274 2689 1337 decreto
2734 1273 2941 1358 Poly-

600 1380 1017 1468 sperchontis
1066 1380 1326 1467 experti
1374 1387 1568 1444 erant
1613 1380 1784 1444 nihil
1824 1403 1865 1444 a
1907 1381 2159 1445 talibus
2205 1383 2544 1468 expectari
2578 1402 2775 1467 posse
2812 1380 2945 1444 nisi

598 1508 808 1552 novas
854 1488 1293 1552 calamitates.

690 1596 921 1683 Ipsum
994 1594 1248 1659 bellum
1316 1596 1501 1659 vario
1540 1600 1758 1659 marte
1806 1616 1846 1659 a
1894 1594 2174 1659 diversis
2218 1593 2636 1681 principibus
2682 1596 2754 1657 in
2799 1614 2943 1657 om-

600 1701 797 1766 nibus
856 1701 1164 1789 partibus
1231 1702 1498 1788 imperii
1564 1710 1834 1786 gestum
1895 1706 2016 1766 est.
2084 1700 2461 1765 Cassander
2522 1701 2945 1786 aliquamdiu

601 1819 931 1896 occupata
968 1807 1190 1873 tenuit
1233 1807 1718 1895 Appolloniam
1766 1816 1834 1871 et
1879 1809 2323 1895 Epidaurum,
2372 1808 2488 1872 sed
2528 1830 2757 1872 rursus
2780 1807 2949 1871 inde
3068 1872 3079 1886 ,

599 1915 833 2003 pulsus
875 1923 996 1997 est,
1046 1916 1407 1980 auctoritas
1456 1913 1600 1999 ejus
1646 1917 1717 1978 in
1762 1914 1971 2003 Epiro
2020 1937 2182 1980 sane
2226 1936 2362 1979 non
2414 1923 2611 1980 aucta
2633 1922 2754 1999 est,
2779 1937 2947 1979 nam

598 2046 735 2089 rex.
765 2023 1039 2088 Alcetas
1084 2022 1225 2087 illic
1270 2023 1508 2089 solium
1563 2026 1828 2110 regium
1873 2026 2251 2111 occupavit,
2280 2030 2349 2088 et
2372 2024 2610 2088 eodem
2636 2029 2947 2111 tempore

602 2132 961 2198 auctoritas
1010 2131 1153 2217 ejus
1196 2131 1271 2194 in
1316 2131 1601 2197 Graecia
1643 2152 1916 2217 prorsus
1965 2132 2294 2196 exstincta
2339 2137 2458 2194 est.

689 2237 825 2304 Sed
873 2238 1005 2304 alio
1052 2239 1254 2303 modo
1300 2260 1405 2302 res
1452 2260 1595 2302 sese
1638 2237 1881 2303 habuit
1903 2239 1974 2302 in
2010 2237 2398 2303 Acarnania
2421 2245 2491 2302 et
2514 2238 2945 2322 Ambraciae,

601 2368 775 2432 quae
842 2348 1149 2431 regiones
1218 2345 1425 2409 etiam
1493 2345 1672 2410 bello
1740 2343 2215 2410 interfuerunt.
2287 2346 2454 2411 Pars
2502 2346 2947 2411 Acarnanum

603 2454 783 2517 enim
843 2451 989 2538 jam
1047 2452 1208 2518 inde
1255 2474 1295 2516 a
1337 2450 1641 2538 Philippi
1685 2453 2102 2539 temporibus
2147 2451 2585 2518 Macedoniae
2623 2455 2946 2518 societate

602 2557 963 2642 conjuncta
1030 2566 1192 2624 erat.
1262 2559 1434 2623 Cum
1500 2558 1895 2623 Alexander
1959 2560 2398 2625 Ambraciam
2441 2559 2513 2623 in
2555 2559 2947 2623 libertatem

599 2665 1017 2748 restituisset,
1080 2666 1164 2732 ab
1237 2667 1451 2732 altera
1510 2672 1707 2754 parte
1751 2667 1925 2732 ratio
1971 2667 2152 2732 inter
2197 2665 2490 2753 reliquas
2533 2667 2757 2752 gentis
2804 2666 2949 2731 illic

602 2774 792 2838 sedes
861 2773 1187 2838 habentes
1255 2783 1322 2838 et
1392 2774 1861 2839 Macedoniam
1927 2796 2065 2839 non
2125 2780 2392 2838 mutata
2460 2795 2602 2839 esse
2648 2775 2945 2838 videtur.

601 2880 796 2945 Bello
856 2879 1134 2945 Lamico
1194 2903 1353 2968 pars
1420 2882 1846 2947 Acarnaniae
1893 2903 2050 2946 cum
2095 2880 2460 2968 Antipatro
2506 2879 2688 2963 fecit,
2740 2882 2949 2946 etiam

602 3007 785 3051 nunc
831 3007 1009 3051 anno
1055 2988 1186 3051 316
1226 3010 1267 3051 a
1309 2996 1505 3075 parte
1552 2985 1913 3053 Cassandri
1962 2989 2166 3052 stetit.
2217 2988 2396 3053 Inito
2445 2988 2628 3052 enim
2664 2985 2943 3053 foedere

604 3116 759 3158 cum
821 3093 1196 3159 Cassandro
1265 3093 1522 3159 bellum
1590 3095 1966 3181 suscipiunt
2038 3100 2274 3158 contra
2336 3094 2636 3176 Aetolos,
2680 3116 2949 3182 semper

600 3200 1041 3265 Macedoniae
1088 3201 1526 3267 adversarios.

692 3307 862 3373 Cum
932 3315 1159 3372 autem
1228 3308 1451 3373 adhuc
1520 3309 1803 3396 dispersi
1870 3309 1943 3372 in
1993 3310 2171 3395 agris
2215 3309 2624 3393 habitarent,
2673 3314 2951 3373 auctore

605 3413 982 3480 Cassandro
1028 3437 1172 3480 sese
1215 3437 1398 3480 nunc
1444 3416 1858 3481 contrahunt
1900 3418 1973 3481 in
2020 3417 2274 3504 oppida
2311 3417 2592 3501 munita,
2620 3437 2753 3502 quo
2778 3414 2949 3481 faci-

602 3521 733 3586 lius
784 3543 924 3586 sese
971 3519 1417 3586 defenderent
1444 3524 1517 3605 ¹),
1566 3524 1744 3587 inter
1790 3522 1926 3587 alia
1973 3520 2240 3589 Stratus
2290 3529 2356 3587 et
2379 3522 2742 3609 Agrinium
2765 3545 2952 3588 nunc

604 3628 960 3693 firmantur
1028 3634 1098 3692 et
1165 3628 1665 3716 amplificantur
1707 3631 1777 3713 2).
1847 3631 1940 3694 Et
2001 3632 2235 3696 eodem
2281 3637 2587 3718 tempore
2623 3629 2952 3716 Lyciscus

604 3734 799 3821 Epiri
864 3741 1137 3822 praetor
1198 3733 1306 3815 (cf.
1359 3758 1423 3822 p.
1487 3737 1640 3823 132)
1710 3739 1788 3801 iis
1859 3760 1899 3801 a
1955 3735 2332 3802 Cassandro
2399 3737 2646 3802 auxilio
2706 3737 2954 3802 missus

610 3847 710 3906 est
777 3844 887 3924 (a0.
958 3843 1135 3924 314),
1201 3840 1593 3907 Acarnanes
1664 3850 1891 3908 autem
1966 3864 2148 3908 nunc
2216 3844 2491 3909 demum
2557 3851 2698 3908 tam
2762 3850 2955 3908 arcte

605 3946 949 4031 conjuncti
1038 3970 1179 4012 esse
1268 3948 1588 4013 videntur
1682 3948 2141 4033 Macedoniae,
2224 3957 2305 4014 ut
2385 3950 2547 4013 inde
2639 3949 2725 4013 ab
2819 3949 2957 4015 hoc

605 4062 908 4141 tempore
990 4060 1341 4140 tamquam
1407 4061 1644 4141 gentes
1714 4055 2154 4122 Macedoniae
2219 4056 2525 4142 adjectae
2591 4055 2959 4122 habendae

658 4305 709 4376 1)
752 4306 909 4362 Diod.
950 4308 1032 4361 19.
1073 4308 1156 4361 67.
1196 4310 1248 4361 4.
1290 4305 1646 4368 συνεβούλευεν·
1667 4305 1721 4357 ἐκ
1758 4312 1854 4356 τῶν
1892 4309 2077 4372 ὀχυρῶν
2113 4306 2199 4356 καὶ
2233 4313 2408 4371 μικρῶν
2443 4307 2632 4372 χωρίων
2668 4305 2735 4366 εἷς
2772 4308 2960 4372 ὀλίγας

606 4398 772 4452 πόλεις
810 4401 1117 4458 μετοικῆσαι.

662 4485 712 4555 2)
755 4486 909 4540 Diod.
949 4487 1021 4541 ω.
