3338 5350
1739 470 1827 536 64

612 692 1061 738 successorem
1144 693 1383 757 regum
1471 672 1851 755 Persarum,
1912 671 2350 757 regimenque
2410 670 2943 753 Macedonicum,

612 779 793 865 quod
841 780 914 843 in
958 779 1125 844 Asia
1170 780 1534 862 constituit,
1606 778 1995 843 summatim
2061 800 2199 844 non
2245 778 2377 844 alio
2421 800 2669 864 genere
2715 778 2945 862 fuisse,

610 908 818 972 quam
865 893 1023 951 ante
1070 908 1224 951 eum
1269 885 1479 951 fuerit
1521 886 1827 971 regimen
1873 885 2235 951 Persicum.

699 991 1043 1080 Imprimis
1088 992 1215 1058 hoc
1259 992 1673 1080 principium
1718 991 1804 1056 ab
1850 990 2240 1057 Alexandro
2285 1012 2424 1057 non
2446 991 2776 1058 violatum
2823 997 2945 1074 est,

613 1100 795 1185 quod
841 1099 983 1184 regi
1033 1120 1171 1165 non
1215 1110 1400 1165 recta
1446 1099 1581 1181 via,
1630 1099 1748 1163 sed
1791 1120 1917 1186 per
1962 1103 2267 1186 satrapas
2318 1120 2423 1163 res
2470 1099 2947 1164 administran-

611 1206 739 1270 dae
785 1212 1008 1289 erant3
1078 1207 1437 1293 imperium
1506 1205 1592 1270 ab
1638 1226 1718 1271 eo
1764 1227 1902 1270 non
1945 1205 2298 1270 redactum
2337 1211 2438 1269 est
2482 1205 2555 1270 in
2597 1206 2946 1271 civitatem

611 1311 1036 1397 uniformem,
1083 1315 1192 1377 cui
1236 1313 1384 1400 ipse
1430 1313 1908 1395 dominaretur,
1981 1312 2101 1377 sed
2156 1312 2528 1399 peculiares
2573 1310 2831 1379 formae
2878 1319 2950 1378 et

610 1420 1033 1486 condiciones
1105 1421 1194 1486 ad
1262 1419 1532 1506 singula
1597 1419 1748 1485 loca
1811 1423 1879 1484 et
1925 1406 2257 1502 regiones
2298 1421 2731 1506 pertinenteS,
2781 1420 2950 1485 dum

609 1527 754 1614 ipse
798 1549 918 1592 rex
961 1527 1113 1610 fuit,
1158 1528 1463 1614 integrae
1508 1532 1921 1612 manserunt,
1962 1527 2267 1593 custodia
2310 1526 2511 1613 hujus
2536 1528 2632 1592 rei
2657 1527 2949 1614 satrapis

610 1636 962 1700 commissa
1030 1641 1165 1716 est3
1236 1634 1518 1722 perinde
1589 1656 1668 1698 ac
1734 1656 1928 1721 reges
1975 1633 2354 1714 Persarum,
2403 1635 2771 1700 secundum
2816 1633 2951 1699 hoc

607 1743 1012 1829 principium
1057 1741 1409 1827 regnabat,
1458 1741 1641 1826 quod
1688 1742 1833 1826 regi
1881 1746 2150 1806 tantum
2189 1738 2347 1826 jura
2392 1741 2727 1828 quaedam
2763 1742 2949 1828 prin-

609 1849 868 1936 cipatus
915 1849 1290 1914 exercenda
1338 1857 1579 1931 essent,
1623 1869 1757 1934 quo
1804 1846 2066 1914 factum
2110 1842 2229 1932 est,
2278 1854 2356 1913 ut
2401 1849 2544 1936 ipse
2591 1870 2743 1913 cum
2789 1869 2947 1914 cen-

605 1959 789 2018 trum
854 1956 1137 2043 imperii,
1209 1964 1356 2020 tum
1403 1952 1754 2020 vinculum
1818 1955 2000 2040 quod
2045 1955 2345 2020 diversas
2391 1960 2618 2043 partes
2666 1955 2948 2040 conjun-

606 2066 816 2145 geret,
865 2060 1085 2126 factus
1134 2062 1238 2126 sit.

697 2165 833 2233 Sed
895 2169 1310 2234 conditiones
1357 2168 1515 2233 illae
1580 2168 1999 2254 singulorum
2043 2168 2344 2234 locorum
2391 2190 2620 2234 eorum
2680 2168 2949 2233 institu-

607 2276 824 2340 tiones
872 2275 1230 2340 dumtaxat
1274 2276 1622 2363 pertinent
1669 2276 1754 2340 ad
1794 2276 2146 2341 historiam
2169 2276 2588 2342 diversarum
2610 2276 2948 2362 provinci-

609 2403 818 2464 arum,
869 2404 1074 2468 quam
1144 2382 1230 2447 ob
1286 2404 1448 2447 ,rem
1517 2382 1644 2448 hoc
1706 2382 1854 2448 loco
1925 2383 2340 2448 omittendae
2408 2388 2585 2448 sunt.
2695 2380 2949 2460 Quodsi

608 2488 1146 2575 contemplamur
1211 2488 1592 2576 imperium,
1661 2496 1894 2554 nostra
1982 2495 2253 2580 tantum
2331 2490 2630 2571 interest,
2702 2487 2950 2574 quibus

607 2593 891 2682 legibuS,
942 2617 1077 2681 quo
1118 2594 1270 2681 jure
1321 2615 1585 2660 summa
1628 2597 1835 2660 totius
1884 2595 2355 2660 administrata
2399 2596 2504 2660 sit.

695 2704 935 2789 Neque
972 2703 1131 2789 jura
1177 2725 1351 2789 quae
1398 2702 1788 2769 Alexander
1849 2703 1974 2768 sibi
2034 2704 2430 2786 reservavit,
2479 2702 2768 2768 multum
2813 2704 2951 2768 dis-

606 2808 977 2896 crepabant
1024 2810 1111 2875 ab
1156 2811 1236 2875 iis
1284 2810 1527 2896 quibus
1575 2817 1734 2875 ante
1779 2832 1934 2875 eum
1968 2832 2162 2897 reges
2207 2810 2564 2875 Persarum
2605 2811 2708 2874 usi
2732 2818 2947 2876 erant.

607 2918 716 2981 Ex
766 2917 846 2979 iis
894 2938 1069 3002 quae
1116 2939 1198 2982 ex
1241 2916 1482 2983 ultimo
1527 2939 1689 3003 rege
1727 2918 2089 2983 Persarum
2125 2916 2349 2983 Dario·
2366 2919 2438 2982 in
2480 2916 2951 2982 Alexandrum

607 3028 845 3109 utpote
933 3024 1308 3111 principem
1397 3024 1665 3111 imperii
1757 3023 2176 3090 Macedonici
2259 3023 2413 3109 jure
2494 3024 2949 3111 usurpationis

606 3131 1039 3215 transierunt,
1092 3132 1553 3196 enumeranda
1598 3138 1796 3196 sunt:

701 3235 787 3301 10.
842 3236 890 3302 J
891 3259 969 3302 us
1016 3239 1292 3304 creandi
1341 3245 1409 3303 et
1457 3238 1833 3325 abrogandi
1879 3239 2317 3324 magistratus
2353 3239 2594 3325 regios²
2617 3237 2948 3325 imprimis

846 3350 1173 3431 satrapas,
1601 3405 1606 3411 .
2617 3429 2625 3436 ·

697 3449 789 3516 20.
847 3451 973 3517 Jus
1019 3451 1401 3540 imperandi
1472 3452 1765 3538 satrapis
1810 3458 1879 3516 et
1923 3451 2196 3537 reliquis
2254 3435 2784 3537 magistratibuS,
2832 3449 2952 3535 qui

846 3559 1127 3624 diversis
1190 3558 1553 3645 provinciis
1621 3559 1994 3645 praepositi
2062 3563 2237 3643 sunt,
2298 3556 2412 3643 jus
2468 3556 2824 3643 flagitandi
2868 3560 2947 3619 nt

847 3665 1242 3732 oboedirent
1283 3664 1597 3730 omnibus
1646 3665 1881 3730 edictis
1929 3670 1997 3731 et
2036 3664 2241 3751 jussis
2276 3665 2472 3750 regis,
2504 3662 2722 3750 sigillo
2756 3663 2949 3747 regio

844 3774 1115 3839 ornatis

699 3876 787 3943 30.
836 3877 883 3943 J
884 3901 963 3943 us
1010 3878 1409 3965 disponendi
1452 3880 1628 3944 vires
1691 3879 2015 3944 militares
2059 3879 2580 3966 provinciarum,
2629 3898 2742 3941 eas
2791 3896 2952 3940 con-

832 3986 1169 4071 jungendi
1206 3987 1279 4050 in
1315 4007 1529 4050 unum
1565 3988 1831 4071 regium
1855 3987 2242 4070 exercitum,
2268 3984 2380 4050 vel
2402 3984 2639 4049 utendi
2662 3981 2950 4069 singulis

839 4093 1146 4181 partibus
1197 4093 1283 4158 ad
1332 4092 1601 4159 diversa
1643 4093 1830 4158 bella
1875 4092 2195 4179 gerenda.

691 4199 784 4263 40.
833 4198 881 4264 J
883 4221 960 4263 us
1001 4198 1369 4285 vectigalia
1413 4200 1729 4284 exigendi
1774 4200 1845 4263 in
1890 4198 2286 4286 provinciis.

698 4305 787 4370 5⁰.
837 4304 1174 4371 Possessio
1239 4305 1572 4371 bonorum
1638 4307 1982 4392 regiorum
2043 4327 2217 4391 quae
2274 4307 2346 4369 in
2406 4304 2770 4393 provinciis
2818 4303 2953 4368 sita

841 4419 1052 4496 erant,
1104 4434 1333 4477 eorum
1380 4411 1823 4477 ususfructus
