3338 5350
1759 498 1845 562 96

720 693 795 758 Si
865 693 1061 761 modo
1129 692 1376 778 reliqui
1444 699 1758 780 satrapae
1848 692 1982 758 illis
2076 693 2578 758 conditionibus
2671 694 2970 760 obsecuti

632 806 876 884 essent,
945 799 1249 886 profecto
1312 799 1675 887 imperium
1747 800 2059 886 quamvis
2121 799 2275 864 laxo
2322 801 2595 866 vinculo
2641 801 2715 865 in
2762 824 2970 867 unum

634 906 1071 992 conjunctum
1139 908 1256 971 diu
1319 912 1500 971 stare
1565 907 1917 993 potuisset,
1946 956 1953 965 .
1978 913 2145 971 tunc
2206 907 2386 971 enim
2432 907 2607 972 nihil
2645 907 2968 993 jubend0‚

635 1035 779 1078 sese
823 1012 1059 1101 procul
1103 1013 1420 1079 habendo
1470 1036 1512 1077 a
1556 1013 1758 1079 rebus
1806 1014 2331 1101 provinciarum,
2392 1013 2629 1079 invitis
2685 1014 2969 1101 satrapis

636 1143 780 1186 sese
845 1142 983 1186 non
1050 1121 1491 1186 immiscendo
1563 1120 2139 1186 administrationi
2207 1120 2631 1185 diversarum
2674 1120 2971 1208 partium

635 1228 923 1315 imperii,
995 1229 1232 1293 eodem
1294 1228 1495 1293 modo
1582 1249 1717 1315 quo
1784 1226 2151 1314 Antipater
2217 1249 2359 1292 sese
2404 1228 2642 1316 procul
2689 1250 2729 1292 a
2773 1228 2968 1294 rebus

633 1334 1028 1421 Lysimachi
1071 1334 1337 1419 habuit,
1384 1356 1521 1422 pax
1566 1335 1824 1401 servari
1867 1335 2218 1423 potuisset.

726 1442 861 1508 Sed
944 1441 1163 1527 major
1247 1463 1404 1530 pars
1488 1450 1916 1529 satraparum
1988 1441 2273 1528 perinde
2358 1464 2435 1506 ac
2517 1440 2966 1525 PtolemaeuS,

633 1569 772 1614 non
861 1554 1132 1613 tantum
1188 1548 1393 1634 jussis
1455 1548 1730 1636 imperii
1790 1570 1927 1614 non
1996 1549 2323 1614 obsecuta
2383 1554 2504 1632 est,
2568 1548 2776 1613 immo
2845 1548 2969 1613 hoc

636 1655 900 1721 studuit
944 1661 1020 1720 ut
1067 1661 1186 1720 aut
1228 1655 1625 1720 universum
1664 1656 2045 1744 imperium,
2074 1661 2201 1720 aut
2246 1654 2485 1720 saltem
2529 1662 2798 1743 partem
2845 1656 2968 1719 sibi

635 1761 1014 1848 subjiceret,
1101 1768 1176 1827 ut
1246 1763 1710 1831 dominaretur
1768 1769 2116 1850 tamquam
2185 1761 2458 1847 regulus
2529 1762 2805 1827 omnino
2868 1762 2968 1827 sui

630 1870 819 1955 juris

723 1976 818 2044 Ut
862 1976 1276 2062 LeonnatuS,
1318 1977 1435 2064 qui
1481 1979 1706 2066 specie
1753 1976 1988 2043 auxilii
2032 1975 2298 2042 ferendi
2345 1976 2711 2064 Antipatro
2736 1982 2970 2042 contra

635 2083 948 2169 GraecOS,
994 2085 1427 2150 matrimonio
1475 2107 1594 2150 suo
1641 2107 1794 2150 cum
1841 2083 2204 2172 Cleopatra
2249 2105 2588 2148 summum
2610 2083 2971 2171 imperium

636 2192 764 2257 sibi
809 2192 1157 2259 vindicare
1202 2192 1276 2256 in
1324 2192 1548 2257 animo
1594 2191 1855 2275 habuit,
1901 2191 2007 2256 cui
2035 2190 2312 2256 consilio
2356 2195 2583 2255 autem
2608 2191 2970 2255 immatura

635 2304 851 2364 morte
897 2299 1041 2384 ejus
1090 2299 1245 2364 finis
1289 2298 1645 2386 impositus
1693 2305 1811 2365 est.

723 2405 819 2472 Ut
876 2404 1267 2493 Antigonus
1340 2411 1641 2493 satrapes
1711 2405 2008 2491 Magnae
2073 2404 2418 2490 Phrygiae
2466 2404 2577 2469 cui
2621 2404 2971 2489 negotium

533 2600 536 2601 ⁷
637 2512 1063 2578 commissum
1109 2518 1229 2595 est,
1280 2519 1355 2577 ut
1398 2512 1692 2578 Eumeni
1737 2510 2074 2578 Cardiano
2121 2510 2449 2576 auxilium
2518 2510 2745 2594 ferret,
2794 2517 2873 2575 ut
2914 2510 2970 2574 is

637 2619 1062 2709 provinciam
1130 2642 1326 2686 suam
1372 2619 1877 2708 Cappadociam
1917 2618 1989 2685 vi
2036 2639 2375 2685 armorum
2423 2623 2800 2706 occuparet,
2849 2636 2972 2681 1100

637 2735 868 2793 tamen
913 2727 1052 2792 ulla
1094 2727 1162 2792 in
1212 2750 1286 2792 re
1323 2727 1527 2814 jussis
1575 2728 1821 2793 summi
1866 2727 2135 2815 imperii
2181 2727 2538 2820 obsecutus
2585 2731 2704 2789 est.

726 2834 923 2900 Solus
967 2835 1305 2901 Eumenes
1349 2836 1423 2900 in
1470 2835 1781 2901 omnibus
1827 2835 2025 2900 rebus
2091 2833 2298 2898 fidem
2345 2832 2644 2898 debitam
2690 2831 2973 2918 praesti-

637 2944 743 3027 tit,
789 2942 900 3007 hic
945 2964 1210 3030 semper
1254 2965 1397 3008 sese
1441 2943 1759 3031 praebuit
1801 2942 2204 3008 fidissimum
2271 2941 2543 3023 socium,
2587 2944 2656 3004 et
2693 2938 2972 3003 tandem

637 3051 914 3115 unicum
959 3049 1302 3114 vindicem
1347 3050 1616 3137 imperii
1658 3050 1733 3115 in
1777 3050 1963 3115 Asia.

729 3157 907 3236 Quid
990 3157 1229 3222 mirum
1311 3158 1522 3243 igitur
1588 3157 2015 3243 Antigonum
2073 3156 2261 3221 illum
2333 3178 2374 3221 a
2436 3152 2761 3219 Perdicca
2820 3174 2970 3239 pro-

638 3264 866 3330 vincia
954 3287 1075 3329 sua
1162 3261 1451 3349 ejectum
1538 3287 1700 3350 esse,
1785 3264 2293 3351 Phrygiamque
2374 3260 2669 3328 Eumeni
2742 3260 2970 3324 datam

640 3394 781 3437 esse
818 3370 925 3456 ¹)?
1058 3371 1485 3459 Quamquam
1576 3371 1729 3437 fieri
1817 3394 1956 3438 non
2042 3371 2267 3460 potuit
2357 3370 2523 3457 quin
2613 3367 2784 3432 haec
2868 3387 2969 3431 res

640 3502 842 3545 causa
899 3477 1085 3543 facta
1142 3479 1230 3543 sit
1273 3477 1437 3543 belli
1504 3485 1928 3566 satraparum
1992 3484 2227 3562 contra
2292 3477 2707 3562 Perdiccam,
2784 3499 2969 3567 prae-

639 3587 871 3652 sertim
939 3606 1093 3650 cum
1164 3585 1293 3669 hic,
1363 3586 1725 3673 repudiata
1789 3586 2066 3670 Nicaea,
2141 3579 2494 3674 Antipatri
2552 3585 2716 3666 filia,
2788 3606 2970 3674 prae-

639 3692 893 3758 fectum
933 3692 1371 3758 Macedoniae
1419 3694 1504 3758 ad
1544 3693 1934 3759 societatem
1980 3713 2135 3758 cum
2172 3693 2520 3778 Antigono
2560 3693 2968 3759 adduxisset.

639 3801 879 3887 Neque
922 3800 1140 3886 magis
1186 3821 1290 3865 res
1335 3806 1566 3885 gestae
1612 3800 1988 3865 Ptolemaei
2034 3822 2074 3864 a
2113 3820 2373 3865 summo
2396 3800 2680 3887 imperio
2704 3798 2968 3892 tolerari

638 3913 1029 3994 potuerunt.

730 4015 867 4081 Sed
928 4015 1014 4080 ab
1084 4014 1299 4080 altera
1343 4020 1538 4102 parte
1583 4021 2115 4080 consentaneum
2161 4020 2263 4078 est
2321 4014 2668 4100 suspicari,
2715 4012 2965 4101 praeci-

640 4145 776 4209 pue
821 4123 1284 4210 quaestionem
1359 4122 1445 4186 de
1489 4120 1760 4186 tributis
1828 4143 2028 4208 quam
2091 4121 2417 4185 maximas
2461 4126 2689 4208 partes
2737 4121 2964 4206 egisse,

694 4441 744 4509 1)
782 4443 848 4496 cf.
884 4460 937 4512 p.
976 4444 1060 4497 91.
