3338 5350
1550 480 1637 543 99

539 673 673 739 Sed
721 679 936 739 morte
982 673 1332 760 Antipatri
1375 674 1545 738 haec
1589 672 1818 738 omnia
1861 671 2115 737 frustra
2160 671 2344 738 facta
2367 678 2543 754 sunt,
2590 671 2773 737 haud

449 781 549 845 ita
613 781 832 845 multo
897 786 1050 867 post
1119 780 1535 867 Triparadisi
1601 802 1707 844 res
1775 780 2041 866 imperii
2106 779 2331 844 denuo
2376 780 2779 844 constitutae

451 894 630 970 sunt,
702 908 1110 952 successores
1158 888 1300 972 ejus
1344 908 1616 974 prorsus
1672 886 1877 951 aliam
1940 887 2276 952 rationem
2344 886 2555 951 secuti
2601 893 2777 970 sunt,

451 1016 626 1082 quae
673 993 1048 1058 necessario
1095 995 1166 1058 in
1210 994 1578 1080 perniciem
1622 993 1890 1080 imperii
1937 994 2222 1059 ductura
2269 1000 2431 1061 erat.

448 1457 489 1534 ξ
537 1452 601 1519 5.
684 1451 771 1521 De
830 1449 1057 1519 finibus
1104 1450 1336 1535 imperii
1383 1449 1768 1520 Macedonici
1815 1450 1873 1518 in
1921 1450 2167 1536 Europa
2213 1449 2377 1534 quod
2425 1466 2588 1518 anno
2637 1450 2782 1519 323

737 1566 1065 1651 Antipatro
1112 1567 1513 1635 commissum
1560 1566 1706 1650 θεῖς
1752 1565 1832 1636 de
1879 1565 2228 1651 Lysimachi
2275 1582 2499 1651 roano.

543 1783 711 1849 Cum
799 1782 1156 1870 imperium
1223 1782 1739 1848 Macedonicum
1816 1788 1971 1870 post
2062 1781 2438 1848 Alexandri
2496 1789 2784 1848 mortem

450 1890 807 1976 Babylone
853 1890 1150 1955 divisum
1190 1897 1309 1973 est,
1356 1890 1739 1977 Antipater,
1800 1890 1915 1975 qui
1953 1888 2100 1975 jam
2139 1911 2318 1955 anno
2342 1890 2473 1955 336
2505 1891 2781 1954 summis

449 1998 653 2064 rebus
719 1999 791 2062 in
858 1998 1151 2082 Europa,
1215 2003 1357 2061 tam
1414 1996 1830 2083 reliquorum
1888 2002 2333 2084 satraparum,
2381 2020 2586 2083 quam
2632 2018 2782 2084 pro-

453 2106 829 2171 vinciarum
890 2110 960 2169 et
1027 2104 1330 2190 gentium
1387 2105 1533 2188 regi
1601 2102 2045 2169 obnoxiarum
2128 2106 2549 2192 praepositus
2619 2108 2782 2187 erat,

453 2234 738 2298 regnum
781 2211 1295 2276 Macedonicum
1336 2212 1408 2274 in
1453 2211 1731 2298 Europa
1793 2210 2263 2275 administrare
2309 2211 2625 2298 perrexit,
2674 2211 2787 2275 vel

450 2321 678 2406 potius
746 2321 990 2384 iterum
1053 2318 1662 2384 administrandum
1735 2318 1993 2404 accepit
2053 2315 2161 2396 (cf.
2225 2339 2292 2404 p.
2340 2317 2428 2382 86
2492 2339 2647 2382 ann.
2698 2317 2789 2401 6).

451 2426 790 2514 Auspiciis
840 2426 982 2511 ejus
1041 2424 1448 2510 Lysimacho
1515 2424 1866 2512 provincia
1922 2423 2211 2489 Thracia
2278 2425 2441 2490 data
2487 2432 2605 2508 est,
2650 2426 2785 2510 qui,

455 2536 620 2600 dum
688 2555 893 2599 senex
951 2532 1317 2620 Antipater
1383 2533 1585 2598 rebus
1650 2530 1970 2619 praefuit,
2055 2531 2246 2596 nulla
2305 2533 2380 2597 in
2450 2555 2524 2598 re
2585 2532 2787 2618 hujus

452 2641 860 2730 principatui
931 2640 1327 2707 adversatus
1397 2645 1516 2724 est,
1589 2640 1773 2726 quod
1843 2639 1905 2705 ei
1964 2639 2239 2705 omnino
2285 2661 2423 2706 non
2467 2641 2787 2707 molestus

454 2747 588 2813 fuit
633 2747 745 2835 (cf.
793 2771 861 2836 p.
911 2749 1040 2830 96).

544 2856 726 2920 Ante
771 2855 999 2920 omnia
1047 2854 1180 2920 alia
1228 2855 1530 2940 quaestio
1581 2854 1776 2920 nobis
1820 2855 2139 2942 ponenda
2186 2861 2303 2937 est,
2346 2860 2575 2920 utrum
2619 2854 2788 2921 fines

454 2964 719 3051 imperii
784 2962 1202 3028 Macedonici
1275 2964 1346 3027 in
1413 2962 1709 3051 Europa,
1781 2962 1946 3027 dum
2028 2960 2420 3027 Alexander
2486 2963 2556 3026 in
2625 2962 2791 3028 Asia

457 3069 697 3135 absens
758 3069 909 3154 fuit,
974 3071 1218 3135 mutati
1281 3071 1435 3152 sint,
1501 3091 1590 3134 an
1650 3093 1773 3158 per
1823 3076 2041 3135 totam
2088 3070 2304 3135 vitam
2350 3069 2494 3154 ejus
2542 3070 2789 3155 integri

455 3179 841 3241 manserint.
891 3177 1220 3242 Arrianus
1267 3179 1339 3241 in
1383 3176 1703 3264 Epitome
1750 3178 1833 3242 de
1878 3177 2076 3242 rebus
2123 3183 2277 3264 post
2320 3175 2790 3241 Alexandrum

454 3288 495 3365 ξ
543 3286 581 3348 7
628 3306 1025 3372 responsum
1071 3284 1191 3349 dat
1232 3284 1361 3349 hoc
1409 3285 1610 3349 modo
1658 3284 2097 3351 describendo
2141 3285 2564 3372 provinciam
2609 3305 2788 3349 anno

454 3392 587 3455 323
670 3391 1036 3479 Antipatro
1118 3392 1384 3456 datam:
1471 3389 1557 3454 τοὶ
1629 3390 1685 3454 δ’
1714 3391 1992 3456 ἐπέκεινα
2059 3399 2168 3466 τῆς
2232 3393 2472 3475 Θρᾴκης
2543 3392 2619 3463 ὥς
2691 3390 2792 3454 ἐπὶ

457 3498 785 3578 Ἰλλυριοὺς
859 3503 968 3563 καὶ
1026 3498 1417 3578 Τριβαλλοὺς
1481 3498 1586 3562 καὶ
1644 3502 1987 3579 Ἀγριᾶνας
2048 3499 2152 3563 καὶ
2208 3499 2362 3571 αὐτὴ
2411 3499 2788 3573 Μακεδονία,

455 3603 563 3668 καὶ
640 3607 672 3680 ἦ
743 3605 1027 3685 ’Ήπειρος
1098 3606 1172 3677 ὡς
1241 3605 1344 3669 ἐπὶ
1420 3604 1502 3668 τα
1573 3604 1672 3686 ὅρη
1740 3606 1824 3670 τα
1897 3605 2193 3685 Κεραύνια
2240 3606 2537 3681 ἀνήκοντα
2585 3606 2689 3671 καὶ
2738 3608 2788 3672 οἱ

457 3711 763 3785 ’Έλληνες
825 3711 1205 3790 σύμπαντες,
1269 3734 1424 3778 cum
1472 3714 1709 3779 eodem
1754 3713 1900 3779 loco
1949 3714 2160 3779 addat
2205 3714 2593 3800 Lysimachi
2638 3738 2791 3802 pro-

455 3819 792 3884 vinciam:
855 3820 1099 3901 Θρᾴκης
1164 3818 1269 3883 καὶ
1348 3819 1731 3899 Χερροννήσου
1793 3819 1900 3884 καὶ
1969 3819 2084 3885 ὅσα
2153 3819 2350 3903 Θρᾳξὶ
2389 3820 2601 3900 σύνορα
2650 3820 2793 3898 ἔθνη

456 3930 601 3992 ἐστε
672 3928 771 3991 ἐπὶ
838 3926 1174 3992 θάλασσαν
1241 3931 1349 4002 τὴν
1418 3927 1518 3990 ἐπὶ
1579 3927 2028 4005 Σαλμυδησσὸν
2090 3934 2195 3993 τοῦ
2242 3926 2526 4004 Εὐξείνου
2575 3930 2793 3994 πόντου

454 4033 817 4109 καθήκοντα
860 4035 932 4123 1).
995 4036 1088 4100 Et
1133 4036 1369 4100 eodem
1414 4034 1559 4100 fere
1604 4035 1807 4100 modo
1852 4035 2200 4124 Dexippus
2244 4034 2594 4124 Antipatri
2639 4058 2792 4125 pro-

455 4142 754 4209 vinciam
842 4142 1181 4227 describit,
1268 4143 1322 4206 is
1394 4142 1571 4206 enim
1641 4144 1850 4207 etiam
1917 4149 2184 4230 partem
2251 4141 2445 4230 Epiri
2511 4145 2792 4231 imperio

511 4427 561 4496 1)
600 4428 665 4481 cf.
707 4427 864 4482 Diod.
906 4428 989 4483 18.
1029 4429 1078 4481 3.
1117 4428 1165 4480 2.
1204 4427 1367 4482 Paus.
1409 4428 1456 4481 1.
1495 4428 1544 4481 9.
1583 4428 1631 4481 5.
