3338 5350
1609 507 1647 570 7

459 703 741 769 urbibus
787 703 873 769 ab
919 704 1000 768 iis
1047 703 1411 791 occupatiS‚
1458 723 1627 791 pace
1675 701 1859 767 facta
1905 702 2225 791 Philippo
2272 702 2580 785 redditis,
2629 726 2804 790 quae

457 812 662 877 urbes
729 811 1104 876 necessario
1178 810 1345 875 sitae
1413 815 1607 874 erant
1666 810 1741 873 in
1802 809 2205 875 Macedonia
2247 807 2598 893 Inferiore,
2649 832 2802 876 cum

457 916 843 1003 Lyncestae
888 917 1022 983 illis
1067 916 1483 1004 temporibus
1530 916 1752 981 adhuc
1813 914 1983 979 κατὰ
2032 916 2248 993 κώμοις
2294 916 2686 981 habitarent
2723 915 2795 994 1).

460 1022 602 1089 Sed
648 1032 1013 1110 antequam
1057 1023 1208 1089 illos
1247 1023 1473 1089 hostes
1506 1029 1820 1088 externos
1846 1024 2346 1108 aggrederetur,
2372 1046 2478 1088 res
2501 1023 2800 1088 internas

459 1130 765 1196 firmaret
829 1152 1101 1196 necesse
1145 1130 1298 1197 fuit.
1345 1129 1530 1195 Ante
1570 1130 1796 1195 omnia
1860 1129 1994 1194 alia
2039 1130 2234 1216 regni
2283 1129 2803 1217 competitorum

461 1239 642 1303 vires
667 1237 893 1325 fregit,
917 1238 1365 1303 Athenienses
1392 1236 1519 1302 sibi
1545 1236 1932 1302 conciliavit
1955 1237 2037 1301 iis
2061 1237 2492 1303 concedendo
2516 1235 2802 1324 Amphi-

458 1343 672 1432 polin,
710 1344 762 1430 2)
829 1343 1430 1432 pollicitationibus
1497 1342 1800 1409 Paeones
1864 1365 1942 1408 eo
2003 1343 2200 1407 duxit
2247 1348 2321 1407 ut
2366 1342 2439 1406 in
2482 1363 2803 1430 praesens

459 1472 701 1538 pacem
771 1473 996 1518 secum
1066 1456 1347 1535 agerent
1380 1448 1450 1533 3).
1519 1449 1642 1514 His
1689 1449 1889 1514 rebus
1935 1449 2254 1536 perfectis
2299 1454 2803 1537 peropportune

459 1558 748 1623 moritur
812 1556 1160 1623 Paeonum
1226 1578 1344 1621 rex
1390 1556 1578 1642 Agis,
1626 1556 1736 1622 cui
1782 1557 2098 1622 successit
2143 1557 2445 1642 Lycceus
2482 1555 2553 1637 4),
2604 1577 2801 1642 quem

462 1664 824 1752 Philippus
894 1664 1124 1729 statim
1187 1662 1332 1748 jam
1402 1685 1580 1728 anno
1641 1662 1775 1727 358
1838 1684 2195 1749 aggressus
2259 1670 2380 1746 est,
2446 1662 2804 1749 coegitque

462 1792 826 1856 agnoscere
870 1770 1330 1858 principatum
1366 1769 1809 1835 Macedoniae
1846 1768 1917 1841 5).

552 1878 814 1943 Eadem
875 1875 1150 1943 fortuna
1209 1899 1368 1942 usus
1438 1883 1540 1942 est
1585 1884 1821 1942 contra
1865 1876 2135 1963 Hlyrios
2186 1882 2254 1941 et
2300 1897 2525 1941 eorem
2569 1897 2802 1961 regem

460 1984 819 2070 Bardylin,
886 2006 1050 2070 quos
1110 1984 1350 2050 eodem
1399 2005 1576 2050 anno
1625 2005 1983 2070 aggressus
2034 1990 2155 2065 est,
2204 2005 2241 2048 e
2286 1983 2535 2048 finibus
2580 1982 2802 2048 Mace·

460 2091 711 2156 doniae
770 2089 1006 2175 rejecit
1067 2087 1473 2176 fugavitque
1542 2113 1755 2176 usque
1805 2091 1891 2154 ad
1940 2090 2165 2155 lacum
2208 2089 2692 2176 Lychnitidem
2726 2087 2800 2174 3).

458 2198 619 2285 Ipse
664 2197 982 2283 Bardylis
1030 2198 1173 2262 acie
1215 2218 1446 2263 caesus
1495 2204 1613 2279 est,
1660 2196 1841 2262 filius
1887 2197 2031 2283 ejus
2077 2196 2290 2262 Clitus
2331 2195 2803 2263 verosimiliter
2878 2193 2888 2201 ’

463 2304 529 2370 ei
568 2305 884 2370 successit
911 2306 980 2387 ⁷).
1032 2304 1156 2369 His
1202 2304 1402 2369 rebus
1450 2303 1742 2369 feliciter
1784 2304 2077 2391 peractis
2101 2303 2423 2391 Philippo
2449 2303 2644 2390 copia
2669 2302 2803 2367 fuit

460 2411 781 2476 firmandi
836 2432 1123 2496 regnum
1170 2432 1383 2495 suum,
1430 2410 1711 2476 urbibus
1760 2412 2147 2493 condendis,
2174 2411 2467 2478 castellis
2491 2411 2800 2477 munien-

464 2518 571 2583 dis
599 2519 671 2600 8).
720 2517 910 2582 Inter
955 2525 1211 2583 ceteras
1253 2517 1450 2583 urbes
1497 2523 1661 2583 tunc
1705 2519 2028 2606 temporis
2066 2540 2105 2583 a
2128 2517 2449 2606 Philippo
2474 2517 2801 2601 conditas,

461 2626 832 2714 praecipua
898 2624 1214 2690 habenda
1282 2630 1381 2690 est
1427 2624 1760 2692 Heraclea
1821 2624 2177 2712 Lyncestis
2203 2620 2270 2706 ⁹),
2325 2646 2461 2711 qua
2505 2630 2575 2689 et
2618 2624 2800 2713 ipsos

461 2734 836 2819 Lyncestas
882 2738 1152 2797 tantum
1197 2754 1334 2798 non
1380 2754 1645 2820 semper
1688 2733 1835 2818 regi
1859 2732 2309 2797 Macedonum
2331 2730 2803 2798 infestissimos

464 2839 811 2906 cohiberet
832 2847 907 2919 10)
977 2840 1311 2925 simulque
1382 2840 1803 2905 munimento
1869 2845 2104 2905 contra
2149 2838 2420 2926 Illyrios
2477 2845 2796 2904 uteretur.

462 2946 890 3033 Argumenta
959 2969 1133 3034 quae
1191 2947 1529 3012 Demitsas
1578 2946 1795 3030 affert,
1846 2946 2189 3011 neminem
2234 2953 2393 3013 ante
2437 2947 2799 3034 Polybium

466 3061 536 3120 et
604 3052 1008 3120 Strabonem
1075 3054 1275 3140 hujus
1322 3054 1513 3119 urbis
1573 3055 1989 3120 mentionem
2051 3052 2309 3137 fecisse,
2355 3054 2800 3141 temporibus·

465 3183 598 3248 que
670 3161 831 3225 belli
897 3160 1453 3248 Peloponnesiaci
1521 3161 1895 3247 Lyncestas
1958 3159 2125 3224 κατὰ
2194 3159 2409 3237 κώμαις
2465 3160 2801 3225 habitasse

463 3268 698 3354 itaque
742 3268 978 3333 urbem
1039 3267 1230 3333 illam
1274 3268 1558 3356 posthac
1620 3269 1969 3336 conditam
2016 3288 2179 3350 esse,
2228 3288 2514 3352 eamque
2561 3290 2601 3331 a
2640 3266 2800 3331 Phi-

461 3377 653 3464 lippo
701 3376 893 3441 initio
954 3375 1150 3461 regni
1189 3374 1353 3460 ejuS,
1401 3374 1568 3440 mihi
1616 3374 1820 3440 valde
1866 3374 2187 3457 arrident,
2224 3374 2620 3461 praesertim
2647 3395 2800 3438 cum

463 3483 752 3548 sciamus
798 3482 1057 3548 cultum
1125 3480 1434 3547 Herculis
1503 3481 1636 3547 illis
1698 3481 2115 3569 temporibus
2159 3479 2455 3545 maxime
2499 3479 2802 3545 floruisse

514 3663 564 3729 1)
601 3663 756 3717 Diod.
794 3663 877 3716 16.
916 3664 966 3715 4.
1007 3662 1054 3714 7.
1093 3661 1262 3715 Thuc.
1300 3661 1347 3713 4.
1390 3659 1508 3713 124.
1545 3660 1595 3711 4.
1636 3658 1837 3713 Strabo
1877 3660 1999 3713 337.
2041 3658 2210 3712 Kuhn
2247 3675 2297 3725 p.
2337 3658 2404 3711 17
2446 3660 2502 3711 et
2543 3656 2645 3710 188
2679 3674 2802 3724 sqq.

516 3752 564 3820 2)
603 3752 758 3806 Diod.
802 3752 883 3806 16.
922 3753 971 3806 4.
1014 3752 1059 3804 1.

516 3840 565 3910 3)
602 3841 756 3897 Diod.
797 3841 879 3894 16.
917 3841 966 3894 3.
1005 3841 1055 3893 4.

514 3930 565 3998 4)
601 3930 984 4001 Dittenberger
1022 3928 1244 3999 Sylloge
1282 3927 1401 3981 114.
1440 3928 1544 3995 (ed.
1584 3928 1871 3995 secunda.)

510 4020 559 4088 5)
596 4019 751 4073 Diod.
791 4019 872 4073 16.
912 4019 960 4072 4.
1001 4018 1048 4071 2.
1088 4017 1337 4081 ἠνάγκασε
1372 4017 1431 4066 τὸ
1464 4014 1613 4075 ’ἔθνος
1648 4013 1946 4083 πειθαρχεῖν
1985 4018 2090 4075 ‘rofa
2128 4013 2401 4065 Μακεδόσι.

513 4108 562 4176 6)
598 4107 753 4162 Diod.
793 4107 876 4160 16.
913 4108 961 4161 4.
1002 4108 1051 4162 3.
1089 4123 1206 4175 sqq.
1243 4105 1292 4160 8.
1332 4107 1393 4170 13
1433 4105 1694 4161 Schaefer
1731 4106 2149 4160 Demosthenes,
2191 4103 2241 4157 2.
2281 4103 2366 4157 20.

514 4197 562 4268 ⁷)
600 4197 810 4252 Arrian.
853 4197 901 4250 1.
941 4196 991 4250 5.
1035 4197 1082 4249 1.

513 4288 563 4353 8)
599 4288 880 4342 Demosth.
916 4285 1000 4341 54.
1038 4287 1088 4339 6.
1125 4286 1176 4334 οἵ
1207 4282 1300 4335 δ’ἐν
1337 4285 1583 4346 Ἰλλυριοῖς
1617 4287 1785 4345 πόλεις
1822 4278 2086 4347 τειχίζειν.

511 4377 562 4442 9)
598 4377 666 4431 cf.
705 4376 892 4447 Steph.
931 4376 1060 4447 Byz.
1099 4374 1377 4436 Ἡρακλεία.
1417 4373 1678 4429 Schaefer
1715 4374 1765 4427 2.
1802 4373 1907 4427 344
1947 4388 2075 4426 ann.
2116 4372 2166 4425 3.

488 4465 564 4533 1θ)
602 4464 873 4520 Demitsas
910 4464 978 4519 11.
1021 4462 1138 4518 105.
