3338 5350
1552 534 1638 599 33

526 729 586 793 I.
774 727 1079 815 Lycceus
1129 729 1549 814 (359—340).

782 835 1006 923 Caput
1050 834 1383 922 Apollinis
1430 836 1830 901 laureatum.

686 969 743 1036 13⁶
793 951 1248 1006 ATKKEIOT.
1319 943 1644 1009 Hercules
1701 941 2133 1030 strangulans
2179 942 2462 1025 leonem,
2536 966 2658 1008 arx
2696 948 2765 1007 et

866 1044 1216 1112 Pharetra.

489 1323 583 1387 Π.
771 1323 1054 1388 Patraos
1101 1323 1528 1407 (340—315).

785 1430 1007 1516 Caput
1047 1427 1388 1516 Apollinis
1436 1428 1837 1495 laureatum.

686 1562 747 1631 13⁶
794 1544 1081 1599 HATPA
1100 1545 1230 1600 oT.
1314 1536 1542 1622 Eques
1605 1542 1904 1601 armatus
1971 1536 2215 1601 occidit
2257 1535 2522 1601 hostem
2566 1535 2755 1599 humi

863 1639 1223 1724 jacentem.
1655 1634 1665 1647 ⁶

457 1895 593 1962 III.
777 1895 1136 1961 Audoleon
1174 1895 1579 1982 (315-286)

782 2003 1004 2090 Caput
1048 2003 1397 2068 Minervae
1441 2001 1807 2089 galeatum.

685 2126 737 2189 ΒΕ
788 2128 1476 2186 ΛΤΔΩΛΕΟΝΤΟΣ.
1526 2121 1762 2208 Equus
1799 2114 1853 2185 ’Ᾰ

465 2405 592 2470 IV.
776 2405 1153 2471 Audoleon.

785 2513 1009 2600 Caput
1053 2512 1404 2578 Minervae
1442 2534 1598 2577 eum
1634 2512 1835 2598 galea
1873 2513 2089 2577 tribus
2133 2515 2351 2578 cristis
2396 2519 2654 2581 ornata.

683 2640 739 2707 ¹3⁶
791 2627 1414 2684 ATAssAE·NT·2.
1458 2620 1694 2707 Equus
1732 2620 1905 2685 liber
1943 2620 2303 2686 decurrens
2349 2622 2422 2684 in
2460 2619 2770 2686 dextram

873 2746 1161 2827 partem.

497 3059 581 3125 V.
764 3059 992 3128 Stater
1038 3061 1343 3148 Philippi
1388 3062 1622 3128 Pellae
1668 3085 1891 3128 cusus.

764 3167 990 3257 Caput
1030 3168 1368 3257 Apollinis
1412 3168 1814 3235 laureatum.
2421 3257 2426 3262 .

665 3302 721 3368 ¹3⁶
769 3284 1129 3340 ΦΙΛΙΙἾΊ
1168 3286 1275 3340 οΤ.
1324 3278 1519 3362 Biga,
1568 3277 1807 3362 auriga
1844 3297 2002 3341 cum
2047 3278 2320 3361 scutica,
2369 3279 2652 3345 fulmen.

519 3623 729 3689 Porro
796 3646 933 3689 non
1000 3630 1195 3712 patet
1259 3623 1563 3690 Paeones
1629 3625 1886 3690 tributa
1954 3624 2208 3707 tulisse,
2272 3646 2492 3710 neque
2554 3624 2771 3709 magis

424 3730 829 3819 Philippum
874 3734 1162 3818 pignora
1222 3731 1335 3796 vel
1405 3732 1668 3797 obsides
1735 3732 2131 3818 postulasse,
2202 3738 2281 3795 ut
2348 3730 2589 3797 officiis
2635 3734 2768 3796 suis

427 3860 595 3923 erga
652 3838 1124 3903 Macedoniam
1208 3837 1802 3926 perfungerentur,
1888 3860 2108 3924 neque
2176 3846 2774 3904 commemoratum

428 3951 537 4009 est
591 3966 821 4030 regem
865 3943 1013 4010 loca
1059 3945 1396 4010 Paeonica
1441 3946 1793 4032 praesidiis
1840 3966 2219 4032 occupasse.
2312 3945 2463 4011 Hoc
2503 3951 2774 4010 tantum

428 4056 699 4116 constat
763 4050 1065 4117 Paeones
1135 4052 1472 4139 stipendia
1541 4049 1780 4117 fecisse
1840 4053 1910 4116 in
1971 4054 2271 4117 exercitu
2313 4052 2770 4118 Macedonico.

525 4154 661 4222 Sed
704 4159 1136 4245 perspicuum
1198 4165 1301 4223 est
1345 4158 1646 4246 Philippi
1698 4157 2081 4224 interfuisse
2128 4165 2209 4224 ut
2250 4160 2554 4226 Paeones
2600 4161 2774 4225 bene

433 4265 713 4328 animati
760 4270 985 4328 essent
1044 4286 1208 4351 erga
1253 4287 1341 4348 se,
1414 4286 1569 4329 cum
1622 4286 1785 4350 ager
1830 4287 2064 4331 eorum
2115 4269 2520 4332 munimenti
2564 4267 2776 4331 instar

433 4376 611 4435 esset
652 4377 886 4435 contra
925 4373 1303 4437 invasiones
1353 4372 1800 4438 barbarorum
1838 4370 2357 4461 Septentrionis.
2405 4374 2671 4461 quibus,
2720 4375 2775 4438 si

433 4475 710 4562 vellent,
758 4476 1028 4542 facilem
1074 4480 1335 4544 aditum
1380 4481 1450 4544 in
1498 4480 1960 4546 Macedoniam
2004 4482 2331 4569 praebere
2372 4488 2667 4570 possent.

2526 4598 2560 4650 3
