<?xml version="1.0" encoding="UTF-8"?>
<!DOCTYPE html PUBLIC "-//W3C//DTD XHTML 1.0 Transitional//EN"
    "http://www.w3.org/TR/xhtml1/DTD/xhtml1-transitional.dtd">
<html xmlns="http://www.w3.org/1999/xhtml" xml:lang="en" lang="en">
 <head>
  <title>
</title>
<meta http-equiv="Content-Type" content="text/html;charset=utf-8" />
  <meta name='ocr-system' content='tesseract 3.04.00' />
  <meta name='ocr-capabilities' content='ocr_page ocr_carea ocr_par ocr_line ocrx_word'/>
</head>
<body>
  <div class='ocr_page' id='page_1' title='image "./definibusregnim01breegoog_0141.png"; bbox 0 0 3338 5350; ppageno 0'>
   <div class='ocr_carea' id='block_1_1' title="bbox 1495 518 1581 613">
    <p class='ocr_par' dir='ltr' id='par_1_1' title="bbox 1495 518 1581 613">
     <span class='ocr_line' id='line_1_1' title="bbox 1495 518 1581 613; baseline 0 0"><span class='ocrx_word' id='word_1_1' title='bbox 1495 518 1581 613; x_wconf 73' lang='lat'><strong>91</strong></span> 
     </span>
    </p>
   </div>
   <div class='ocr_carea' id='block_1_2' title="bbox 331 743 2714 4149">
    <p class='ocr_par' dir='ltr' id='par_1_2' title="bbox 331 743 2713 3832">
     <span class='ocr_line' id='line_1_2' title="bbox 375 743 2705 833; baseline 0 -24"><span class='ocrx_word' id='word_1_2' title='bbox 375 750 800 832; x_wconf 69' lang='lat' dir='ltr'><strong>satraparum</strong></span> <span class='ocrx_word' id='word_1_3' title='bbox 865 749 1273 833; x_wconf 89' lang='lat' dir='ltr'><strong>potestatem</strong></span> <span class='ocrx_word' id='word_1_4' title='bbox 1338 745 1673 832; x_wconf 84' lang='lat' dir='ltr'><strong>pervenit.</strong></span> <span class='ocrx_word' id='word_1_5' title='bbox 1766 743 1972 810; x_wconf 84' lang='lat' dir='ltr'><strong>Nullo</strong></span> <span class='ocrx_word' id='word_1_6' title='bbox 2043 745 2176 810; x_wconf 86' lang='lat' dir='ltr'><strong>alio</strong></span> <span class='ocrx_word' id='word_1_7' title='bbox 2243 745 2391 811; x_wconf 93' lang='lat' dir='ltr'><strong>loco</strong></span> <span class='ocrx_word' id='word_1_8' title='bbox 2454 746 2585 810; x_wconf 88' lang='lat' dir='ltr'><strong>nisi</strong></span> <span class='ocrx_word' id='word_1_9' title='bbox 2632 745 2705 809; x_wconf 90' lang='lat' dir='ltr'><strong>in</strong></span> 
     </span>
     <span class='ocr_line' id='line_1_3' title="bbox 376 849 2703 938; baseline 0 -22"><span class='ocrx_word' id='word_1_10' title='bbox 376 851 627 916; x_wconf 80' lang='lat' dir='ltr'><strong>Taxilis</strong></span> <span class='ocrx_word' id='word_1_11' title='bbox 675 850 852 936; x_wconf 89' lang='lat' dir='ltr'><strong>regis</strong></span> <span class='ocrx_word' id='word_1_12' title='bbox 896 849 1145 916; x_wconf 89' lang='lat' dir='ltr'><strong>finibus</strong></span> <span class='ocrx_word' id='word_1_13' title='bbox 1190 851 1263 915; x_wconf 91' lang='lat' dir='ltr'><strong>in</strong></span> <span class='ocrx_word' id='word_1_14' title='bbox 1309 849 1510 917; x_wconf 85' lang='lat' dir='ltr'><strong>India</strong></span> <span class='ocrx_word' id='word_1_15' title='bbox 1556 849 1922 938; x_wconf 85' lang='lat' dir='ltr'><strong>Superiore</strong></span> <span class='ocrx_word' id='word_1_16' title='bbox 1945 857 2132 917; x_wconf 84' lang='lat' dir='ltr'><strong>trans</strong></span> <span class='ocrx_word' id='word_1_17' title='bbox 2156 852 2409 917; x_wconf 89' lang='lat' dir='ltr'><strong>Indum</strong></span> <span class='ocrx_word' id='word_1_18' title='bbox 2431 852 2703 933; x_wconf 90' lang='lat' dir='ltr'><strong>flumen,</strong></span> 
     </span>
     <span class='ocr_line' id='line_1_4' title="bbox 376 957 2709 1046; baseline 0 -23"><span class='ocrx_word' id='word_1_19' title='bbox 376 958 580 1023; x_wconf 90' lang='lat' dir='ltr'><strong>etiam</strong></span> <span class='ocrx_word' id='word_1_20' title='bbox 626 964 781 1045; x_wconf 90' lang='lat' dir='ltr'><strong>post</strong></span> <span class='ocrx_word' id='word_1_21' title='bbox 826 979 1081 1023; x_wconf 92' lang='lat' dir='ltr'><strong>annum</strong></span> <span class='ocrx_word' id='word_1_22' title='bbox 1125 958 1255 1022; x_wconf 80' lang='grc'><strong>323</strong></span> <span class='ocrx_word' id='word_1_23' title='bbox 1302 958 1695 1045; x_wconf 85' lang='lat' dir='ltr'><strong>episcopum</strong></span> <span class='ocrx_word' id='word_1_24' title='bbox 1741 957 1974 1046; x_wconf 86' lang='lat' dir='ltr'><strong>(supra</strong></span> <span class='ocrx_word' id='word_1_25' title='bbox 2018 981 2084 1046; x_wconf 92' lang='lat' dir='ltr'><strong>p.</strong></span> <span class='ocrx_word' id='word_1_26' title='bbox 2110 959 2242 1042; x_wconf 87' lang='grc'>67),</span> <span class='ocrx_word' id='word_1_27' title='bbox 2297 959 2709 1042; x_wconf 79' lang='lat' dir='ltr'><strong>invenimuS,</strong></span> 
     </span>
     <span class='ocr_line' id='line_1_5' title="bbox 376 1063 2708 1154; baseline 0 -23"><span class='ocrx_word' id='word_1_28' title='bbox 376 1066 492 1152; x_wconf 85' lang='lat' dir='ltr'><strong>qui</strong></span> <span class='ocrx_word' id='word_1_29' title='bbox 538 1066 684 1151; x_wconf 87' lang='lat' dir='ltr'><strong>regi</strong></span> <span class='ocrx_word' id='word_1_30' title='bbox 728 1064 951 1130; x_wconf 83' lang='lat' dir='ltr'><strong>Taxili</strong></span> <span class='ocrx_word' id='word_1_31' title='bbox 997 1063 1355 1150; x_wconf 89' lang='lat' dir='ltr'><strong>adjunctus</strong></span> <span class='ocrx_word' id='word_1_32' title='bbox 1401 1063 1553 1149; x_wconf 84' lang='lat' dir='ltr'><strong>suit,</strong></span> <span class='ocrx_word' id='word_1_33' title='bbox 1603 1087 1851 1154; x_wconf 81' lang='lat' dir='ltr'>nempe</span> <span class='ocrx_word' id='word_1_34' title='bbox 1892 1065 2296 1131; x_wconf 83' lang='lat' dir='ltr'><strong>Eudemum.</strong></span> <span class='ocrx_word' id='word_1_35' title='bbox 2391 1066 2708 1132; x_wconf 85' lang='lat' dir='ltr'><strong>Ceterum</strong></span> 
     </span>
     <span class='ocr_line' id='line_1_6' title="bbox 372 1169 2708 1261; baseline 0.001 -25"><span class='ocrx_word' id='word_1_36' title='bbox 372 1171 655 1261; x_wconf 90' lang='lat' dir='ltr'><strong>posthac</strong></span> <span class='ocrx_word' id='word_1_37' title='bbox 701 1169 952 1257; x_wconf 80' lang='lat' dir='ltr'><strong>singuli</strong></span> <span class='ocrx_word' id='word_1_38' title='bbox 997 1177 1309 1259; x_wconf 78' lang='lat' dir='ltr'><strong>satrapae</strong></span> <span class='ocrx_word' id='word_1_39' title='bbox 1377 1171 1509 1258; x_wconf 83' lang='lat' dir='ltr'><strong>ipsi</strong></span> <span class='ocrx_word' id='word_1_40' title='bbox 1575 1191 1729 1237; x_wconf 89' lang='lat' dir='ltr'><strong>suos</strong></span> <span class='ocrx_word' id='word_1_41' title='bbox 1797 1172 2128 1237; x_wconf 83' lang='lat' dir='ltr'><strong>exercitus</strong></span> <span class='ocrx_word' id='word_1_42' title='bbox 2192 1171 2485 1256; x_wconf 87' lang='lat' dir='ltr'><strong>alebant,</strong></span> <span class='ocrx_word' id='word_1_43' title='bbox 2535 1179 2708 1239; x_wconf 88' lang='lat' dir='ltr'><strong>tam-</strong></span> 
     </span>
     <span class='ocr_line' id='line_1_7' title="bbox 374 1277 2710 1367; baseline 0.001 -24"><span class='ocrx_word' id='word_1_44' title='bbox 374 1300 581 1364; x_wconf 89' lang='lat' dir='ltr'><strong>quam</strong></span> <span class='ocrx_word' id='word_1_45' title='bbox 645 1299 838 1363; x_wconf 90' lang='lat' dir='ltr'><strong>reges</strong></span> <span class='ocrx_word' id='word_1_46' title='bbox 904 1278 978 1342; x_wconf 92' lang='lat' dir='ltr'><strong>in</strong></span> <span class='ocrx_word' id='word_1_47' title='bbox 1043 1278 1270 1363; x_wconf 89' lang='lat' dir='ltr'><strong>regnis</strong></span> <span class='ocrx_word' id='word_1_48' title='bbox 1333 1277 1488 1359; x_wconf 76' lang='lat' dir='ltr'><strong>suiS,</strong></span> <span class='ocrx_word' id='word_1_49' title='bbox 1556 1298 1918 1365; x_wconf 89' lang='lat' dir='ltr'><strong>rerumque</strong></span> <span class='ocrx_word' id='word_1_50' title='bbox 1985 1280 2341 1367; x_wconf 79' lang='lat' dir='ltr'><strong>scriptores</strong></span> <span class='ocrx_word' id='word_1_51' title='bbox 2407 1302 2551 1344; x_wconf 90' lang='lat' dir='ltr'><strong>rem</strong></span> <span class='ocrx_word' id='word_1_52' title='bbox 2611 1281 2710 1345; x_wconf 87' lang='lat' dir='ltr'><strong>ita</strong></span> 
     </span>
     <span class='ocr_line' id='line_1_8' title="bbox 370 1383 2707 1473; baseline 0 -22"><span class='ocrx_word' id='word_1_53' title='bbox 370 1390 686 1469; x_wconf 89' lang='lat' dir='ltr'><strong>tractant,</strong></span> <span class='ocrx_word' id='word_1_54' title='bbox 728 1384 921 1470; x_wconf 84' lang='lat' dir='ltr'><strong>quasi</strong></span> <span class='ocrx_word' id='word_1_55' title='bbox 966 1406 1071 1450; x_wconf 88' lang='lat' dir='ltr'><strong>res</strong></span> <span class='ocrx_word' id='word_1_56' title='bbox 1116 1385 1217 1451; x_wconf 88' lang='lat' dir='ltr'><strong>ita</strong></span> <span class='ocrx_word' id='word_1_57' title='bbox 1258 1383 1533 1468; x_wconf 88' lang='lat' dir='ltr'><strong>ferrent,</strong></span> <span class='ocrx_word' id='word_1_58' title='bbox 1582 1391 1652 1450; x_wconf 92' lang='lat' dir='ltr'><strong>et</strong></span> <span class='ocrx_word' id='word_1_59' title='bbox 1699 1387 1890 1472; x_wconf 88' lang='lat' dir='ltr'><strong>quasi</strong></span> <span class='ocrx_word' id='word_1_60' title='bbox 1936 1408 2310 1473; x_wconf 84' lang='lat' dir='ltr'><strong>numquam</strong></span> <span class='ocrx_word' id='word_1_61' title='bbox 2349 1386 2482 1452; x_wconf 89' lang='lat' dir='ltr'><strong>alio</strong></span> <span class='ocrx_word' id='word_1_62' title='bbox 2507 1387 2707 1452; x_wconf 90' lang='lat' dir='ltr'><strong>modo</strong></span> 
     </span>
     <span class='ocr_line' id='line_1_9' title="bbox 372 1491 2705 1586; baseline 0.001 -30"><span class='ocrx_word' id='word_1_63' title='bbox 372 1515 516 1557; x_wconf 86' lang='lat' dir='ltr'><strong>sese</strong></span> <span class='ocrx_word' id='word_1_64' title='bbox 561 1491 958 1586; x_wconf 80' lang='lat' dir='ltr'><strong>habuissent</strong></span> <span class='ocrx_word' id='word_1_65' title='bbox 977 1491 1045 1575; x_wconf 79' lang='lat'><strong>1).</strong></span> <span class='ocrx_word' id='word_1_66' title='bbox 1097 1492 1232 1558; x_wconf 86' lang='lat' dir='ltr'><strong>Sed</strong></span> <span class='ocrx_word' id='word_1_67' title='bbox 1278 1516 1520 1559; x_wconf 85' lang='lat' dir='ltr'><strong>verum</strong></span> <span class='ocrx_word' id='word_1_68' title='bbox 1564 1499 1667 1558; x_wconf 89' lang='lat' dir='ltr'><strong>est</strong></span> <span class='ocrx_word' id='word_1_69' title='bbox 1710 1492 1794 1557; x_wconf 89' lang='lat' dir='ltr'><strong>iis</strong></span> <span class='ocrx_word' id='word_1_70' title='bbox 1846 1514 1985 1559; x_wconf 95' lang='lat' dir='ltr'><strong>non</strong></span> <span class='ocrx_word' id='word_1_71' title='bbox 2030 1492 2433 1580; x_wconf 89' lang='lat' dir='ltr'><strong>permissum</strong></span> <span class='ocrx_word' id='word_1_72' title='bbox 2479 1491 2705 1575; x_wconf 88' lang='lat' dir='ltr'><strong>fuisse,</strong></span> 
     </span>
     <span class='ocr_line' id='line_1_10' title="bbox 374 1599 2251 1688; baseline 0 -24"><span class='ocrx_word' id='word_1_73' title='bbox 374 1599 697 1669; x_wconf 71' lang='lat' dir='ltr'><strong>militibus</strong></span> <span class='ocrx_word' id='word_1_74' title='bbox 746 1600 883 1665; x_wconf 80' lang='lat' dir='ltr'><strong>suis</strong></span> <span class='ocrx_word' id='word_1_75' title='bbox 927 1600 1031 1664; x_wconf 91' lang='lat' dir='ltr'><strong>uti</strong></span> <span class='ocrx_word' id='word_1_76' title='bbox 1077 1621 1500 1687; x_wconf 90' lang='lat' dir='ltr'><strong>quocumque</strong></span> <span class='ocrx_word' id='word_1_77' title='bbox 1547 1601 1750 1665; x_wconf 94' lang='lat' dir='ltr'><strong>modo</strong></span> <span class='ocrx_word' id='word_1_78' title='bbox 1799 1599 1928 1665; x_wconf 89' lang='lat' dir='ltr'><strong>sibi</strong></span> <span class='ocrx_word' id='word_1_79' title='bbox 1974 1600 2251 1688; x_wconf 76' lang='lat' dir='ltr'><strong>placuit.</strong></span> 
     </span>
     <span class='ocr_line' id='line_1_11' title="bbox 331 1706 2708 1794; baseline 0.001 -24"><span class='ocrx_word' id='word_1_80' title='bbox 331 1721 336 1727; x_wconf 87' lang='grc'>’</span> <span class='ocrx_word' id='word_1_81' title='bbox 461 1707 566 1771; x_wconf 91' lang='lat' dir='ltr'><strong>De</strong></span> <span class='ocrx_word' id='word_1_82' title='bbox 611 1728 782 1794; x_wconf 90' lang='lat' dir='ltr'><strong>pace</strong></span> <span class='ocrx_word' id='word_1_83' title='bbox 827 1712 895 1771; x_wconf 90' lang='lat' dir='ltr'><strong>et</strong></span> <span class='ocrx_word' id='word_1_84' title='bbox 939 1706 1118 1772; x_wconf 91' lang='lat' dir='ltr'><strong>bello</strong></span> <span class='ocrx_word' id='word_1_85' title='bbox 1191 1707 1478 1794; x_wconf 88' lang='lat' dir='ltr'><strong>satrapis</strong></span> <span class='ocrx_word' id='word_1_86' title='bbox 1546 1707 1852 1772; x_wconf 89' lang='lat' dir='ltr'><strong>nondum</strong></span> <span class='ocrx_word' id='word_1_87' title='bbox 1898 1707 2258 1772; x_wconf 79' lang='lat' dir='ltr'><strong>decernere</strong></span> <span class='ocrx_word' id='word_1_88' title='bbox 2300 1707 2512 1773; x_wconf 88' lang='lat' dir='ltr'><strong>licuit.</strong></span> <span class='ocrx_word' id='word_1_89' title='bbox 2604 1708 2708 1772; x_wconf 91' lang='lat' dir='ltr'><strong>De</strong></span> 
     </span>
     <span class='ocr_line' id='line_1_12' title="bbox 371 1812 2711 1901; baseline -0 -22"><span class='ocrx_word' id='word_1_90' title='bbox 371 1814 582 1901; x_wconf 90' lang='lat' dir='ltr'><strong>copiis</strong></span> <span class='ocrx_word' id='word_1_91' title='bbox 628 1812 1031 1878; x_wconf 85' lang='lat' dir='ltr'><strong>adhibendis</strong></span> <span class='ocrx_word' id='word_1_92' title='bbox 1078 1813 1223 1879; x_wconf 84' lang='lat' dir='ltr'><strong>sive</strong></span> <span class='ocrx_word' id='word_1_93' title='bbox 1266 1835 1405 1880; x_wconf 95' lang='lat' dir='ltr'><strong>non</strong></span> <span class='ocrx_word' id='word_1_94' title='bbox 1453 1812 1877 1896; x_wconf 85' lang='lat' dir='ltr'><strong>adhibendis,</strong></span> <span class='ocrx_word' id='word_1_95' title='bbox 1917 1812 2109 1899; x_wconf 88' lang='lat' dir='ltr'><strong>jussa</strong></span> <span class='ocrx_word' id='word_1_96' title='bbox 2152 1814 2397 1879; x_wconf 87' lang='lat' dir='ltr'><strong>summi</strong></span> <span class='ocrx_word' id='word_1_97' title='bbox 2441 1814 2711 1901; x_wconf 92' lang='lat' dir='ltr'><strong>imperii</strong></span> 
     </span>
     <span class='ocr_line' id='line_1_13' title="bbox 369 1919 2706 2008; baseline 0 -22"><span class='ocrx_word' id='word_1_98' title='bbox 369 1921 894 2007; x_wconf 81' lang='lat' dir='ltr'><strong>magistratuum</strong></span> <span class='ocrx_word' id='word_1_99' title='bbox 963 1920 1388 2008; x_wconf 87' lang='lat' dir='ltr'><strong>expectanda</strong></span> <span class='ocrx_word' id='word_1_100' title='bbox 1455 1926 1669 1986; x_wconf 89' lang='lat' dir='ltr'><strong>erant.</strong></span> <span class='ocrx_word' id='word_1_101' title='bbox 1764 1919 2086 2008; x_wconf 87' lang='lat' dir='ltr'><strong>Satrapes</strong></span> <span class='ocrx_word' id='word_1_102' title='bbox 2155 1920 2493 2007; x_wconf 90' lang='lat' dir='ltr'><strong>obligatus</strong></span> <span class='ocrx_word' id='word_1_103' title='bbox 2553 1921 2706 2004; x_wconf 84' lang='lat' dir='ltr'><strong>fuit,</strong></span> 
     </span>
     <span class='ocr_line' id='line_1_14' title="bbox 368 2027 2709 2116; baseline 0 -24"><span class='ocrx_word' id='word_1_104' title='bbox 368 2027 493 2093; x_wconf 89' lang='lat' dir='ltr'><strong>tali</strong></span> <span class='ocrx_word' id='word_1_105' title='bbox 532 2027 727 2113; x_wconf 88' lang='lat' dir='ltr'><strong>jussu</strong></span> <span class='ocrx_word' id='word_1_106' title='bbox 771 2028 998 2116; x_wconf 87' lang='lat' dir='ltr'><strong>copias</strong></span> <span class='ocrx_word' id='word_1_107' title='bbox 1044 2050 1198 2093; x_wconf 87' lang='lat' dir='ltr'><strong>suas</strong></span> <span class='ocrx_word' id='word_1_108' title='bbox 1245 2027 1570 2093; x_wconf 81' lang='lat' dir='ltr'><strong>militares</strong></span> <span class='ocrx_word' id='word_1_109' title='bbox 1615 2027 1782 2112; x_wconf 90' lang='lat' dir='ltr'><strong>regi,</strong></span> <span class='ocrx_word' id='word_1_110' title='bbox 1830 2027 1976 2093; x_wconf 87' lang='lat' dir='ltr'><strong>sive</strong></span> <span class='ocrx_word' id='word_1_111' title='bbox 2001 2027 2204 2093; x_wconf 88' lang='lat' dir='ltr'><strong>alicui</strong></span> <span class='ocrx_word' id='word_1_112' title='bbox 2227 2028 2385 2093; x_wconf 89' lang='lat' dir='ltr'><strong>duci</strong></span> <span class='ocrx_word' id='word_1_113' title='bbox 2406 2027 2709 2110; x_wconf 84' lang='lat' dir='ltr'><strong>militari,</strong></span> 
     </span>
     <span class='ocr_line' id='line_1_15' title="bbox 370 2134 2708 2219; baseline -0 -19"><span class='ocrx_word' id='word_1_114' title='bbox 370 2135 659 2200; x_wconf 90' lang='lat' dir='ltr'><strong>utendas</strong></span> <span class='ocrx_word' id='word_1_115' title='bbox 707 2136 906 2219; x_wconf 84' lang='lat' dir='ltr'><strong>dare;</strong></span> <span class='ocrx_word' id='word_1_116' title='bbox 977 2134 1083 2200; x_wconf 87' lang='lat' dir='ltr'><strong>sin</strong></span> <span class='ocrx_word' id='word_1_117' title='bbox 1152 2142 1382 2201; x_wconf 89' lang='lat' dir='ltr'><strong>autem</strong></span> <span class='ocrx_word' id='word_1_118' title='bbox 1448 2134 1826 2217; x_wconf 89' lang='lat' dir='ltr'><strong>recusabat,</strong></span> <span class='ocrx_word' id='word_1_119' title='bbox 1893 2135 2080 2199; x_wconf 86' lang='lat' dir='ltr'><strong>haud</strong></span> <span class='ocrx_word' id='word_1_120' title='bbox 2126 2156 2315 2200; x_wconf 89' lang='lat' dir='ltr'><strong>secus</strong></span> <span class='ocrx_word' id='word_1_121' title='bbox 2362 2157 2442 2200; x_wconf 91' lang='lat' dir='ltr'><strong>ac</strong></span> <span class='ocrx_word' id='word_1_122' title='bbox 2485 2136 2544 2199; x_wconf 89' lang='lat' dir='ltr'><strong>si</strong></span> <span class='ocrx_word' id='word_1_123' title='bbox 2589 2156 2708 2200; x_wconf 91' lang='lat' dir='ltr'><strong>suo</strong></span> 
     </span>
     <span class='ocr_line' id='line_1_16' title="bbox 368 2240 2709 2329; baseline -0 -22"><span class='ocrx_word' id='word_1_124' title='bbox 368 2247 585 2307; x_wconf 87' lang='lat' dir='ltr'><strong>marte</strong></span> <span class='ocrx_word' id='word_1_125' title='bbox 655 2240 910 2306; x_wconf 90' lang='lat' dir='ltr'><strong>bellum</strong></span> <span class='ocrx_word' id='word_1_126' title='bbox 976 2242 1277 2327; x_wconf 88' lang='lat' dir='ltr'><strong>gerebat,</strong></span> <span class='ocrx_word' id='word_1_127' title='bbox 1346 2241 1833 2329; x_wconf 85' lang='lat' dir='ltr'><strong>perduellionis</strong></span> <span class='ocrx_word' id='word_1_128' title='bbox 1903 2247 1971 2305; x_wconf 92' lang='lat' dir='ltr'><strong>et</strong></span> <span class='ocrx_word' id='word_1_129' title='bbox 2014 2241 2400 2307; x_wconf 88' lang='lat' dir='ltr'><strong>rebellionis</strong></span> <span class='ocrx_word' id='word_1_130' title='bbox 2469 2242 2709 2307; x_wconf 84' lang='lat' dir='ltr'><strong>noxius</strong></span> 
     </span>
     <span class='ocr_line' id='line_1_17' title="bbox 368 2348 2711 2437; baseline -0 -24"><span class='ocrx_word' id='word_1_131' title='bbox 368 2349 441 2413; x_wconf 91' lang='lat' dir='ltr'><strong>in</strong></span> <span class='ocrx_word' id='word_1_132' title='bbox 502 2348 616 2434; x_wconf 88' lang='lat' dir='ltr'><strong>jus</strong></span> <span class='ocrx_word' id='word_1_133' title='bbox 679 2350 1025 2415; x_wconf 88' lang='lat' dir='ltr'><strong>vocandus</strong></span> <span class='ocrx_word' id='word_1_134' title='bbox 1094 2356 1257 2414; x_wconf 88' lang='lat' dir='ltr'><strong>erat.</strong></span> <span class='ocrx_word' id='word_1_135' title='bbox 1351 2348 1522 2415; x_wconf 84' lang='lat' dir='ltr'><strong>Oum</strong></span> <span class='ocrx_word' id='word_1_136' title='bbox 1589 2349 1978 2435; x_wconf 87' lang='lat' dir='ltr'><strong>Antigonus</strong></span> <span class='ocrx_word' id='word_1_137' title='bbox 2047 2356 2349 2437; x_wconf 86' lang='lat' dir='ltr'><strong>satrapes</strong></span> <span class='ocrx_word' id='word_1_138' title='bbox 2417 2349 2711 2435; x_wconf 88' lang='lat' dir='ltr'><strong>Magnae</strong></span> 
     </span>
     <span class='ocr_line' id='line_1_18' title="bbox 372 2453 2711 2543; baseline -0.001 -23"><span class='ocrx_word' id='word_1_139' title='bbox 372 2455 714 2541; x_wconf 86' lang='lat' dir='ltr'><strong>Phrygiae</strong></span> <span class='ocrx_word' id='word_1_140' title='bbox 810 2477 987 2521; x_wconf 92' lang='lat' dir='ltr'><strong>anno</strong></span> <span class='ocrx_word' id='word_1_141' title='bbox 1055 2456 1185 2521; x_wconf 80' lang='lat'><strong>322</strong></span> <span class='ocrx_word' id='word_1_142' title='bbox 1254 2461 1595 2525; x_wconf 85' lang='lat' dir='ltr'><strong>recusaret</strong></span> <span class='ocrx_word' id='word_1_143' title='bbox 1663 2456 2024 2543; x_wconf 88' lang='lat' dir='ltr'><strong>quominus</strong></span> <span class='ocrx_word' id='word_1_144' title='bbox 2090 2455 2456 2520; x_wconf 88' lang='lat' dir='ltr'><strong>Perdiccae</strong></span> <span class='ocrx_word' id='word_1_145' title='bbox 2517 2453 2711 2539; x_wconf 84' lang='lat' dir='ltr'><strong>jussu</strong></span> 
     </span>
     <span class='ocr_line' id='line_1_19' title="bbox 367 2562 2713 2651; baseline -0.001 -24"><span class='ocrx_word' id='word_1_146' title='bbox 367 2563 662 2628; x_wconf 89' lang='lat' dir='ltr'><strong>Eumeni</strong></span> <span class='ocrx_word' id='word_1_147' title='bbox 729 2562 1180 2650; x_wconf 87' lang='lat' dir='ltr'><strong>opitularetur</strong></span> <span class='ocrx_word' id='word_1_148' title='bbox 1246 2563 1335 2627; x_wconf 94' lang='lat' dir='ltr'><strong>ad</strong></span> <span class='ocrx_word' id='word_1_149' title='bbox 1405 2562 1913 2651; x_wconf 80' lang='lat' dir='ltr'><strong>Cappadociam</strong></span> <span class='ocrx_word' id='word_1_150' title='bbox 1979 2562 2465 2648; x_wconf 87' lang='lat' dir='ltr'><strong>occupandam,</strong></span> <span class='ocrx_word' id='word_1_151' title='bbox 2534 2562 2713 2626; x_wconf 94' lang='lat' dir='ltr'><strong>hanc</strong></span> 
     </span>
     <span class='ocr_line' id='line_1_20' title="bbox 370 2668 2710 2759; baseline -0.001 -22"><span class='ocrx_word' id='word_1_152' title='bbox 370 2670 456 2737; x_wconf 92' lang='lat' dir='ltr'><strong>ob</strong></span> <span class='ocrx_word' id='word_1_153' title='bbox 505 2693 779 2737; x_wconf 88' lang='lat' dir='ltr'><strong>causam</strong></span> <span class='ocrx_word' id='word_1_154' title='bbox 848 2670 934 2737; x_wconf 90' lang='lat' dir='ltr'><strong>ad</strong></span> <span class='ocrx_word' id='word_1_155' title='bbox 1002 2693 1232 2757; x_wconf 89' lang='lat' dir='ltr'><strong>regem</strong></span> <span class='ocrx_word' id='word_1_156' title='bbox 1300 2678 1603 2755; x_wconf 86' lang='lat' dir='ltr'><strong>vocatus,</strong></span> <span class='ocrx_word' id='word_1_157' title='bbox 1672 2669 2156 2759; x_wconf 88' lang='lat' dir='ltr'><strong>provinciaque</strong></span> <span class='ocrx_word' id='word_1_158' title='bbox 2225 2693 2348 2735; x_wconf 90' lang='lat' dir='ltr'><strong>sua</strong></span> <span class='ocrx_word' id='word_1_159' title='bbox 2409 2668 2710 2756; x_wconf 88' lang='lat' dir='ltr'><strong>dejectus</strong></span> 
     </span>
     <span class='ocr_line' id='line_1_21' title="bbox 368 2777 2712 2867; baseline -0.001 -22"><span class='ocrx_word' id='word_1_160' title='bbox 368 2778 572 2864; x_wconf 82' lang='lat' dir='ltr'><strong>est²);</strong></span> <span class='ocrx_word' id='word_1_161' title='bbox 624 2779 863 2844; x_wconf 90' lang='lat' dir='ltr'><strong>eodem</strong></span> <span class='ocrx_word' id='word_1_162' title='bbox 907 2779 1111 2845; x_wconf 93' lang='lat' dir='ltr'><strong>modo</strong></span> <span class='ocrx_word' id='word_1_163' title='bbox 1159 2801 1337 2845; x_wconf 90' lang='lat' dir='ltr'><strong>anno</strong></span> <span class='ocrx_word' id='word_1_164' title='bbox 1384 2780 1515 2844; x_wconf 84' lang='grc'><strong>319</strong></span> <span class='ocrx_word' id='word_1_165' title='bbox 1560 2777 1979 2844; x_wconf 83' lang='lat' dir='ltr'><strong>Arrhidaeus</strong></span> <span class='ocrx_word' id='word_1_166' title='bbox 2025 2785 2330 2867; x_wconf 85' lang='lat' dir='ltr'><strong>satrapes</strong></span> <span class='ocrx_word' id='word_1_167' title='bbox 2368 2777 2712 2863; x_wconf 81' lang='lat' dir='ltr'><strong>Phrygiae</strong></span> 
     </span>
     <span class='ocr_line' id='line_1_22' title="bbox 368 2884 2709 2972; baseline -0 -21"><span class='ocrx_word' id='word_1_168' title='bbox 368 2885 650 2951; x_wconf 84' lang='lat' dir='ltr'><strong>Minoris</strong></span> <span class='ocrx_word' id='word_1_169' title='bbox 721 2884 807 2951; x_wconf 88' lang='lat' dir='ltr'><strong>ab</strong></span> <span class='ocrx_word' id='word_1_170' title='bbox 876 2886 1115 2951; x_wconf 91' lang='lat' dir='ltr'><strong>eodem</strong></span> <span class='ocrx_word' id='word_1_171' title='bbox 1176 2885 1528 2970; x_wconf 90' lang='lat' dir='ltr'><strong>Antigono</strong></span> <span class='ocrx_word' id='word_1_172' title='bbox 1590 2891 1910 2951; x_wconf 88' lang='lat' dir='ltr'><strong>evocatus</strong></span> <span class='ocrx_word' id='word_1_173' title='bbox 1958 2891 2077 2968; x_wconf 85' lang='lat' dir='ltr'><strong>est,</strong></span> <span class='ocrx_word' id='word_1_174' title='bbox 2125 2891 2204 2950; x_wconf 89' lang='lat' dir='ltr'><strong>ut</strong></span> <span class='ocrx_word' id='word_1_175' title='bbox 2248 2907 2318 2950; x_wconf 90' lang='lat' dir='ltr'><strong>se</strong></span> <span class='ocrx_word' id='word_1_176' title='bbox 2364 2891 2709 2972; x_wconf 87' lang='lat' dir='ltr'><strong>purgaret,</strong></span> 
     </span>
     <span class='ocr_line' id='line_1_23' title="bbox 372 2992 2712 3083; baseline -0.002 -23"><span class='ocrx_word' id='word_1_177' title='bbox 372 3002 438 3061; x_wconf 91' lang='lat' dir='ltr'><strong>et</strong></span> <span class='ocrx_word' id='word_1_178' title='bbox 481 2993 837 3083; x_wconf 87' lang='lat' dir='ltr'><strong>provincia</strong></span> <span class='ocrx_word' id='word_1_179' title='bbox 880 3015 1003 3058; x_wconf 89' lang='lat' dir='ltr'><strong>sua</strong></span> <span class='ocrx_word' id='word_1_180' title='bbox 1047 2992 1373 3081; x_wconf 89' lang='lat' dir='ltr'><strong>spoliatus</strong></span> <span class='ocrx_word' id='word_1_181' title='bbox 1420 3000 1542 3077; x_wconf 89' lang='lat' dir='ltr'><strong>est,</strong></span> <span class='ocrx_word' id='word_1_182' title='bbox 1568 2992 1750 3079; x_wconf 90' lang='lat' dir='ltr'><strong>quod</strong></span> <span class='ocrx_word' id='word_1_183' title='bbox 1773 2992 2030 3057; x_wconf 89' lang='lat' dir='ltr'><strong>bellum</strong></span> <span class='ocrx_word' id='word_1_184' title='bbox 2055 2993 2454 3080; x_wconf 89' lang='lat' dir='ltr'><strong>suscepisset</strong></span> <span class='ocrx_word' id='word_1_185' title='bbox 2476 2998 2712 3057; x_wconf 89' lang='lat' dir='ltr'><strong>contra</strong></span> 
     </span>
     <span class='ocr_line' id='line_1_24' title="bbox 368 3098 2712 3188; baseline -0.002 -21"><span class='ocrx_word' id='word_1_186' title='bbox 368 3101 655 3167; x_wconf 89' lang='lat' dir='ltr'><strong>liberam</strong></span> <span class='ocrx_word' id='word_1_187' title='bbox 722 3099 960 3165; x_wconf 90' lang='lat' dir='ltr'><strong>urbem</strong></span> <span class='ocrx_word' id='word_1_188' title='bbox 1006 3100 1358 3184; x_wconf 83' lang='lat' dir='ltr'><strong>Graecam,</strong></span> <span class='ocrx_word' id='word_1_189' title='bbox 1426 3122 1674 3188; x_wconf 89' lang='lat' dir='ltr'><strong>nempe</strong></span> <span class='ocrx_word' id='word_1_190' title='bbox 1743 3099 2067 3186; x_wconf 80' lang='lat' dir='ltr'><strong>Cyzicum</strong></span> <span class='ocrx_word' id='word_1_191' title='bbox 2091 3098 2162 3182; x_wconf 82' lang='lat'><strong>3).</strong></span> <span class='ocrx_word' id='word_1_192' title='bbox 2257 3098 2390 3165; x_wconf 87' lang='lat' dir='ltr'><strong>Sed</strong></span> <span class='ocrx_word' id='word_1_193' title='bbox 2439 3098 2712 3164; x_wconf 91' lang='lat' dir='ltr'><strong>tametsi</strong></span> 
     </span>
     <span class='ocr_line' id='line_1_25' title="bbox 368 3207 2709 3294; baseline -0.002 -20"><span class='ocrx_word' id='word_1_194' title='bbox 368 3208 495 3275; x_wconf 90' lang='lat' dir='ltr'><strong>hoc</strong></span> <span class='ocrx_word' id='word_1_195' title='bbox 554 3207 667 3294; x_wconf 87' lang='lat' dir='ltr'><strong>jus</strong></span> <span class='ocrx_word' id='word_1_196' title='bbox 736 3207 884 3288; x_wconf 87' lang='lat' dir='ltr'><strong>fuit,</strong></span> <span class='ocrx_word' id='word_1_197' title='bbox 953 3228 1061 3273; x_wconf 90' lang='lat' dir='ltr'><strong>res</strong></span> <span class='ocrx_word' id='word_1_198' title='bbox 1129 3213 1364 3293; x_wconf 87' lang='lat' dir='ltr'><strong>gestae</strong></span> <span class='ocrx_word' id='word_1_199' title='bbox 1433 3229 1636 3294; x_wconf 86' lang='lat' dir='ltr'><strong>saepe</strong></span> <span class='ocrx_word' id='word_1_200' title='bbox 1694 3229 1967 3294; x_wconf 89' lang='lat' dir='ltr'><strong>prorsus</strong></span> <span class='ocrx_word' id='word_1_201' title='bbox 2014 3208 2100 3273; x_wconf 95' lang='lat' dir='ltr'><strong>ab</strong></span> <span class='ocrx_word' id='word_1_202' title='bbox 2147 3228 2227 3273; x_wconf 90' lang='lat' dir='ltr'><strong>eo</strong></span> <span class='ocrx_word' id='word_1_203' title='bbox 2271 3212 2709 3288; x_wconf 85' lang='lat' dir='ltr'><strong>recesserunt,</strong></span> 
     </span>
     <span class='ocr_line' id='line_1_26' title="bbox 367 3313 2709 3402; baseline -0.002 -20"><span class='ocrx_word' id='word_1_204' title='bbox 367 3316 569 3382; x_wconf 87' lang='lat' dir='ltr'><strong>multi</strong></span> <span class='ocrx_word' id='word_1_205' title='bbox 636 3321 968 3402; x_wconf 88' lang='lat' dir='ltr'><strong>satrapae,</strong></span> <span class='ocrx_word' id='word_1_206' title='bbox 1039 3315 1158 3401; x_wconf 90' lang='lat' dir='ltr'><strong>qui</strong></span> <span class='ocrx_word' id='word_1_207' title='bbox 1225 3314 1415 3380; x_wconf 92' lang='lat' dir='ltr'><strong>nullo</strong></span> <span class='ocrx_word' id='word_1_208' title='bbox 1495 3315 1737 3380; x_wconf 91' lang='lat' dir='ltr'><strong>timore</strong></span> <span class='ocrx_word' id='word_1_209' title='bbox 1827 3314 2145 3402; x_wconf 91' lang='lat' dir='ltr'><strong>supplicii</strong></span> <span class='ocrx_word' id='word_1_210' title='bbox 2216 3313 2709 3396; x_wconf 89' lang='lat' dir='ltr'><strong>cohiberentur,</strong></span> 
     </span>
     <span class='ocr_line' id='line_1_27' title="bbox 367 3422 2709 3510; baseline -0.002 -20"><span class='ocrx_word' id='word_1_211' title='bbox 367 3423 578 3510; x_wconf 90' lang='lat' dir='ltr'><strong>copiis</strong></span> <span class='ocrx_word' id='word_1_212' title='bbox 624 3423 761 3487; x_wconf 88' lang='lat' dir='ltr'><strong>suis</strong></span> <span class='ocrx_word' id='word_1_213' title='bbox 809 3444 929 3488; x_wconf 90' lang='lat' dir='ltr'><strong>suo</strong></span> <span class='ocrx_word' id='word_1_214' title='bbox 978 3422 1257 3488; x_wconf 86' lang='lat' dir='ltr'><strong>arbitrio</strong></span> <span class='ocrx_word' id='word_1_215' title='bbox 1304 3423 1409 3487; x_wconf 90' lang='lat' dir='ltr'><strong>usi</strong></span> <span class='ocrx_word' id='word_1_216' title='bbox 1456 3428 1633 3488; x_wconf 90' lang='lat' dir='ltr'><strong>sunt.</strong></span> <span class='ocrx_word' id='word_1_217' title='bbox 1727 3422 2016 3510; x_wconf 90' lang='lat' dir='ltr'><strong>Insuper</strong></span> <span class='ocrx_word' id='word_1_218' title='bbox 2057 3424 2233 3488; x_wconf 86' lang='lat' dir='ltr'><strong>ratio</strong></span> <span class='ocrx_word' id='word_1_219' title='bbox 2278 3422 2458 3487; x_wconf 91' lang='lat' dir='ltr'><strong>inter</strong></span> <span class='ocrx_word' id='word_1_220' title='bbox 2502 3427 2709 3486; x_wconf 88' lang='lat' dir='ltr'><strong>satra·</strong></span> 
     </span>
     <span class='ocr_line' id='line_1_28' title="bbox 368 3527 2709 3617; baseline -0.001 -22"><span class='ocrx_word' id='word_1_221' title='bbox 368 3552 488 3617; x_wconf 88' lang='lat' dir='ltr'><strong>pas</strong></span> <span class='ocrx_word' id='word_1_222' title='bbox 558 3536 629 3595; x_wconf 90' lang='lat' dir='ltr'><strong>et</strong></span> <span class='ocrx_word' id='word_1_223' title='bbox 696 3551 1034 3595; x_wconf 88' lang='lat' dir='ltr'><strong>summum</strong></span> <span class='ocrx_word' id='word_1_224' title='bbox 1102 3529 1463 3617; x_wconf 90' lang='lat' dir='ltr'><strong>imperium</strong></span> <span class='ocrx_word' id='word_1_225' title='bbox 1496 3552 1784 3617; x_wconf 86' lang='lat' dir='ltr'><strong>prorsus</strong></span> <span class='ocrx_word' id='word_1_226' title='bbox 1830 3536 2095 3595; x_wconf 90' lang='lat' dir='ltr'><strong>mutata</strong></span> <span class='ocrx_word' id='word_1_227' title='bbox 2140 3535 2306 3595; x_wconf 89' lang='lat' dir='ltr'><strong>erat.</strong></span> <span class='ocrx_word' id='word_1_228' title='bbox 2398 3527 2709 3594; x_wconf 89' lang='lat' dir='ltr'><strong>Haesita-</strong></span> 
     </span>
     <span class='ocr_line' id='line_1_29' title="bbox 369 3635 2713 3724; baseline -0.001 -23"><span class='ocrx_word' id='word_1_229' title='bbox 369 3636 536 3702; x_wconf 93' lang='lat' dir='ltr'><strong>bant</strong></span> <span class='ocrx_word' id='word_1_230' title='bbox 607 3658 685 3701; x_wconf 90' lang='lat' dir='ltr'><strong>ea</strong></span> <span class='ocrx_word' id='word_1_231' title='bbox 730 3637 1122 3724; x_wconf 90' lang='lat' dir='ltr'><strong>praecipere</strong></span> <span class='ocrx_word' id='word_1_232' title='bbox 1172 3658 1348 3722; x_wconf 91' lang='lat' dir='ltr'><strong>quae</strong></span> <span class='ocrx_word' id='word_1_233' title='bbox 1394 3637 1808 3723; x_wconf 88' lang='lat' dir='ltr'><strong>extorqueri,</strong></span> <span class='ocrx_word' id='word_1_234' title='bbox 1871 3642 2125 3720; x_wconf 86' lang='lat' dir='ltr'><strong>vetare,</strong></span> <span class='ocrx_word' id='word_1_235' title='bbox 2174 3656 2348 3722; x_wconf 90' lang='lat' dir='ltr'><strong>quae</strong></span> <span class='ocrx_word' id='word_1_236' title='bbox 2393 3635 2713 3722; x_wconf 89' lang='lat' dir='ltr'><strong>impediri</strong></span> 
     </span>
     <span class='ocr_line' id='line_1_30' title="bbox 367 3749 939 3832; baseline 0 -24"><span class='ocrx_word' id='word_1_237' title='bbox 367 3765 505 3809; x_wconf 93' lang='lat' dir='ltr'><strong>non</strong></span> <span class='ocrx_word' id='word_1_238' title='bbox 551 3749 939 3832; x_wconf 90' lang='lat' dir='ltr'><strong>potuerunt.</strong></span> 
     </span>
    </p>

    <p class='ocr_par' dir='ltr' id='par_1_3' title="bbox 367 3848 2714 4149">
     <span class='ocr_line' id='line_1_31' title="bbox 456 3848 2714 3936; baseline -0.002 -20"><span class='ocrx_word' id='word_1_239' title='bbox 456 3850 561 3916; x_wconf 93' lang='lat' dir='ltr'><strong>De</strong></span> <span class='ocrx_word' id='word_1_240' title='bbox 608 3871 889 3915; x_wconf 92' lang='lat' dir='ltr'><strong>numero</strong></span> <span class='ocrx_word' id='word_1_241' title='bbox 938 3872 1207 3936; x_wconf 91' lang='lat' dir='ltr'><strong>quoque</strong></span> <span class='ocrx_word' id='word_1_242' title='bbox 1252 3849 1569 3933; x_wconf 89' lang='lat' dir='ltr'><strong>militum,</strong></span> <span class='ocrx_word' id='word_1_243' title='bbox 1619 3871 1786 3936; x_wconf 93' lang='lat' dir='ltr'><strong>quos</strong></span> <span class='ocrx_word' id='word_1_244' title='bbox 1834 3849 2119 3935; x_wconf 87' lang='lat' dir='ltr'><strong>quisque</strong></span> <span class='ocrx_word' id='word_1_245' title='bbox 2165 3855 2468 3936; x_wconf 87' lang='lat' dir='ltr'><strong>satrapes</strong></span> <span class='ocrx_word' id='word_1_246' title='bbox 2502 3848 2714 3914; x_wconf 90' lang='lat' dir='ltr'><strong>aleret</strong></span> 
     </span>
     <span class='ocr_line' id='line_1_32' title="bbox 369 3955 2707 4045; baseline -0 -24"><span class='ocrx_word' id='word_1_247' title='bbox 369 3957 690 4043; x_wconf 89' lang='lat' dir='ltr'><strong>oportuit,</strong></span> <span class='ocrx_word' id='word_1_248' title='bbox 760 3957 1083 4021; x_wconf 90' lang='lat' dir='ltr'><strong>nimirum</strong></span> <span class='ocrx_word' id='word_1_249' title='bbox 1149 3963 1515 4045; x_wconf 86' lang='lat' dir='ltr'><strong>praecepta</strong></span> <span class='ocrx_word' id='word_1_250' title='bbox 1584 3959 1748 4023; x_wconf 89' lang='lat' dir='ltr'><strong>data</strong></span> <span class='ocrx_word' id='word_1_251' title='bbox 1839 3963 2051 4023; x_wconf 91' lang='lat' dir='ltr'><strong>erant.</strong></span> <span class='ocrx_word' id='word_1_252' title='bbox 2168 3956 2306 4021; x_wconf 84' lang='lat' dir='ltr'><strong>Sed</strong></span> <span class='ocrx_word' id='word_1_253' title='bbox 2374 3955 2707 4043; x_wconf 89' lang='lat' dir='ltr'><strong>imprimis</strong></span> 
     </span>
     <span class='ocr_line' id='line_1_33' title="bbox 367 4062 2706 4149; baseline -0 -22"><span class='ocrx_word' id='word_1_254' title='bbox 367 4062 567 4148; x_wconf 86' lang='lat' dir='ltr'><strong>hujus</strong></span> <span class='ocrx_word' id='word_1_255' title='bbox 633 4064 735 4128; x_wconf 92' lang='lat' dir='ltr'><strong>rei</strong></span> <span class='ocrx_word' id='word_1_256' title='bbox 801 4064 1108 4129; x_wconf 87' lang='lat' dir='ltr'><strong>custodia</strong></span> <span class='ocrx_word' id='word_1_257' title='bbox 1175 4062 1583 4130; x_wconf 83' lang='lat' dir='ltr'><strong>difficillima</strong></span> <span class='ocrx_word' id='word_1_258' title='bbox 1654 4070 1800 4130; x_wconf 85' lang='lat' dir='ltr'><strong>erat</strong></span> <span class='ocrx_word' id='word_1_259' title='bbox 1871 4086 2022 4129; x_wconf 91' lang='lat' dir='ltr'><strong>eam</strong></span> <span class='ocrx_word' id='word_1_260' title='bbox 2069 4062 2155 4128; x_wconf 93' lang='lat' dir='ltr'><strong>ob</strong></span> <span class='ocrx_word' id='word_1_261' title='bbox 2202 4084 2477 4127; x_wconf 88' lang='lat' dir='ltr'><strong>causam</strong></span> <span class='ocrx_word' id='word_1_262' title='bbox 2524 4062 2706 4149; x_wconf 92' lang='lat' dir='ltr'><strong>quod</strong></span> 
     </span>
    </p>
   </div>
   <div class='ocr_carea' id='block_1_3' title="bbox 372 4224 792 4233">
    <p class='ocr_par' dir='ltr' id='par_1_4' title="bbox 372 4224 792 4233">
     <span class='ocr_line' id='line_1_34' title="bbox 372 4224 792 4233; baseline 0 1117"><span class='ocrx_word' id='word_1_263' title='bbox 372 4224 792 4233; x_wconf 95' lang='lat' dir='ltr'><strong> </strong></span> 
     </span>
    </p>
   </div>
   <div class='ocr_carea' id='block_1_4' title="bbox 421 4337 1481 4580">
    <p class='ocr_par' dir='ltr' id='par_1_5' title="bbox 421 4337 1481 4580">
     <span class='ocr_line' id='line_1_35' title="bbox 421 4337 1283 4404; baseline 0.001 -12"><span class='ocrx_word' id='word_1_264' title='bbox 421 4337 470 4404; x_wconf 84' lang='lat'><strong>1)</strong></span> <span class='ocrx_word' id='word_1_265' title='bbox 506 4357 555 4392; x_wconf 81' lang='lat' dir='ltr'><strong>v.</strong></span> <span class='ocrx_word' id='word_1_266' title='bbox 594 4356 639 4393; x_wconf 88' lang='lat' dir='ltr'><strong>c.</strong></span> <span class='ocrx_word' id='word_1_267' title='bbox 682 4340 837 4394; x_wconf 90' lang='lat' dir='ltr'><strong>Diod.</strong></span> <span class='ocrx_word' id='word_1_268' title='bbox 881 4341 963 4394; x_wconf 85' lang='lat'><strong>19.</strong></span> <span class='ocrx_word' id='word_1_269' title='bbox 1005 4340 1089 4394; x_wconf 85' lang='lat'><strong>14.</strong></span> <span class='ocrx_word' id='word_1_270' title='bbox 1127 4339 1283 4394; x_wconf 81' lang='lat'><strong>5—8.</strong></span> 
     </span>
     <span class='ocr_line' id='line_1_36' title="bbox 423 4427 1481 4493; baseline 0.001 -12"><span class='ocrx_word' id='word_1_271' title='bbox 423 4427 468 4493; x_wconf 84' lang='lat'><strong>2)</strong></span> <span class='ocrx_word' id='word_1_272' title='bbox 505 4428 651 4482; x_wconf 83' lang='lat' dir='ltr'><strong>Plut.</strong></span> <span class='ocrx_word' id='word_1_273' title='bbox 694 4429 853 4482; x_wconf 89' lang='lat' dir='ltr'><strong>Eum.</strong></span> <span class='ocrx_word' id='word_1_274' title='bbox 894 4430 943 4483; x_wconf 86' lang='lat'><strong>3.</strong></span> <span class='ocrx_word' id='word_1_275' title='bbox 982 4429 1138 4484; x_wconf 91' lang='lat' dir='ltr'><strong>Diod.</strong></span> <span class='ocrx_word' id='word_1_276' title='bbox 1185 4429 1267 4484; x_wconf 89' lang='lat'><strong>18.</strong></span> <span class='ocrx_word' id='word_1_277' title='bbox 1307 4430 1391 4484; x_wconf 84' lang='lat'><strong>23.</strong></span> <span class='ocrx_word' id='word_1_278' title='bbox 1433 4430 1481 4482; x_wconf 86' lang='lat'><strong>4.</strong></span> 
     </span>
     <span class='ocr_line' id='line_1_37' title="bbox 427 4515 1000 4580; baseline -0.003 -10"><span class='ocrx_word' id='word_1_279' title='bbox 427 4515 475 4580; x_wconf 86' lang='lat'><strong>3)</strong></span> <span class='ocrx_word' id='word_1_280' title='bbox 512 4517 671 4572; x_wconf 88' lang='lat' dir='ltr'><strong>Diod.</strong></span> <span class='ocrx_word' id='word_1_281' title='bbox 713 4517 796 4572; x_wconf 87' lang='lat'><strong>18.</strong></span> <span class='ocrx_word' id='word_1_282' title='bbox 836 4517 921 4572; x_wconf 81' lang='lat'><strong>52.</strong></span> <span class='ocrx_word' id='word_1_283' title='bbox 949 4518 1000 4571; x_wconf 88' lang='grc'><strong>3.</strong></span> 
     </span>
    </p>
   </div>
  </div>
 </body>
</html>
