3338 5350
1721 467 1807 535 82

602 664 718 749 qui
787 665 970 752 apud
1040 687 1111 730 se
1156 666 1464 732 mercede
1531 666 1849 732 conducti
1917 666 2259 754 stipendia
2303 666 2608 731 facerent
2628 665 2699 752 ¹).
2794 664 2933 732 Sed

598 771 779 856 regis
846 771 1210 837 immatura
1276 795 1454 839 mors
1523 774 1631 838 his
1695 773 2006 839 omnibus
2056 773 2262 838 finem
2307 773 2649 862 imposuit,
2699 773 2934 838 statim

600 883 755 964 post
801 878 1060 944 obitum
1106 878 1250 965 ejus
1317 881 1723 946 immensum
1767 881 2126 969 imperium
2178 880 2262 946 ab
2309 881 2496 946 omni
2539 886 2737 967 parte
2778 902 2931 967 per-

599 984 950 1050 turbatum
995 992 1117 1052 est.

669 1364 709 1442 §
751 1358 821 1427 4.
886 1359 973 1428 De
1019 1361 1214 1429 rebus
1259 1376 1427 1428 anno
1473 1360 1619 1429 223
1667 1359 1987 1446 Babylone
2034 1361 2421 1430 constitutis.
2471 1361 2559 1430 De
2606 1359 2864 1445 imperio

910 1467 1319 1536 Macedonico
1363 1469 1482 1536 sub
1529 1467 1856 1537 Perdicca.
1957 1467 2119 1536 india
2162 1468 2233 1537 et
2277 1468 2621 1553 Aeuyptua

1151 1574 1383 1647 Bellum
1429 1576 1658 1644 conti-a
1703 1575 2071 1645 Perdiccam
2118 1576 2386 1662 nestum.

685 1772 870 1839 Ante
939 1773 1167 1838 omnia
1235 1774 1367 1838 alia
1431 1774 1601 1839 haec
1664 1774 2035 1862 praecipua
2083 1775 2388 1860 quaestio
2435 1781 2584 1840 orta
2631 1781 2733 1840 est
2777 1781 2938 1862 post

599 1880 777 1966 regis
823 1886 1128 1964 mortem,
1170 1880 1255 1946 ad
1306 1902 1667 1965 quemnam
1714 1879 2044 1946 heredum
2091 1881 2234 1966 ejus
2273 1880 2386 1966 jus
2411 1880 2937 1946 administrandi

596 1987 865 2074 imperii
932 1987 1352 2074 pertinuerit.
1428 1986 1609 2052 Nam
1655 1987 1833 2053 varii
1880 1988 2353 2074 competitores
2400 1994 2670 2076 praesto
2716 1994 2935 2054 erant.

599 2093 956 2180 Praecipui
1002 2093 1281 2158 fuerunt
1324 2092 1504 2158 filius
1550 2094 1924 2159 Alexandri
1971 2103 2041 2159 et
2085 2095 2400 2160 Roxanes
2448 2095 2567 2180 qui
2604 2116 2762 2160 mox
2782 2116 2935 2160 nas-

599 2199 853 2265 citurus
899 2180 1063 2283 erat,
1111 2199 1472 2287 Cleopatra
1514 2198 1892 2265 Alexandri
1938 2222 2143 2284 soror,
2186 2201 2399 2266 frater
2445 2202 2624 2287 regis
2670 2201 2934 2289 Philip-

596 2328 724 2392 pus
792 2306 1227 2390 Arrhidaeus,
1299 2313 1368 2371 et
1436 2305 1755 2372 Heracles
1823 2306 2004 2373 filius
2064 2307 2436 2374 Alexandri
2483 2316 2552 2373 et
2593 2308 2931 2373 Barsines,

597 2414 703 2478 Ex
746 2414 829 2478 iis
876 2421 1102 2479 autem
1148 2421 1301 2501 post
1349 2412 1750 2478 seditionem
1773 2412 2070 2478 militum
2093 2414 2447 2501 Babylone
2468 2436 2661 2500 reges
2684 2437 2936 2480 renun-

599 2522 759 2586 ciati
782 2527 980 2587 sunt:
1026 2518 1387 2608 Philippus
1409 2518 1518 2584 III
1565 2520 1986 2586 Arrhidaeus
2021 2521 2429 2608 (323—317)
2455 2529 2523 2587 et
2545 2523 2937 2588 Alexander

596 2629 697 2695 IV
744 2629 1147 2716 (323—311)
1194 2628 1509 2694 Roxanes
1556 2626 1756 2693 filius„

683 2736 921 2802 Infans
986 2735 1377 2801 Alexander
1442 2735 1678 2800 matris
1724 2736 2042 2802 Roxanes
2100 2758 2301 2803 curae
2349 2739 2741 2803 commissus
2786 2745 2934 2821 est3

598 2844 957 2932 Philippus
1001 2844 1195 2909 brevi
1236 2849 1391 2930 post
1418 2842 1809 2927 Eurydicen
1832 2864 2110 2909 uxorem
2141 2844 2356 2928 duxit,
2382 2865 2556 2930 quae
2574 2844 2677 2909 illi
2701 2865 2938 2911 curam

598 2957 668 3014 et
714 2972 1010 3016 amorem
1048 2951 1205 3038 piae
1251 2948 1557 3035 conjugis
1604 2950 1950 3036 praestitit
1971 2951 2042 3033 2).

685 3056 843 3123 Una
887 3080 1041 3122 cum
1084 3059 1449 3144 Antipatro
1490 3076 1686 3141 reges
1734 3078 1889 3121 cum
1935 3057 2188 3143 reginis
2239 3065 2529 3123 exeunte
2575 3078 2754 3123 anno
2800 3059 2934 3122 321

595 3164 670 3227 in
715 3163 1185 3229 Macedoniam
1228 3167 1676 3246 reverterunt,
1754 3163 1873 3229 ubi
1919 3172 2206 3250 uterque
2246 3186 2462 3251 usque
2509 3164 2594 3229 ad
2642 3171 2937 3230 mortem

596 3271 858 3358 regium
902 3269 1178 3336 titulum
1223 3271 1450 3357 gessit.

684 3379 789 3444 De
858 3378 1251 3464 quaestione
1316 3382 1454 3446 utri
1520 3402 1808 3465 regnum
1891 3379 2147 3466 optimo
2200 3377 2355 3463 jure
2425 3377 2938 3444 attribuendum

598 3491 792 3568 esset,
863 3485 950 3550 de
1016 3486 1407 3570 quaestione
1475 3509 1641 3551 num
1687 3486 1862 3553 forte
1907 3506 2236 3573 personae
2280 3484 2554 3569 fuerint,
2607 3485 2696 3549 ad
2743 3507 2935 3570 quas,

599 3593 799 3659 simul
843 3613 997 3657 cum
1039 3592 1255 3658 tutela
1298 3593 1582 3659 infantis
1648 3594 1966 3659 Roxanes
2037 3592 2334 3678 legitime
2396 3593 2602 3657 etiam
2645 3613 2940 3677 regnum

597 3699 1020 3788 pertinuerit,
1092 3699 1178 3764 de
1244 3700 1638 3785 quaestione
1706 3721 1871 3763 num
1942 3698 2059 3763 alii
2104 3698 2425 3786 Philippo
2474 3699 2940 3785 anteponendi

595 3806 871 3891 fuerint,
942 3806 1060 3893 qui
1121 3805 1321 3891 juxta
1388 3807 1704 3872 Roxanes
1772 3804 2111 3871 infantem
2149 3812 2532 3890 regnarent,
2582 3804 2940 3892 opiniones

596 3935 1008 4002 magnopere
1053 3914 1547 4001 discrepabant.

689 4020 917 4086 Primo
962 4020 1108 4087 loco
1167 4019 1281 4107 jus
1351 4019 1774 4107 Olympiadis
1833 4020 2068 4085 matris
2130 4020 2310 4105 regis
2369 4018 2943 4085 considerandum

599 4134 720 4193 est.
764 4127 946 4193 Nam
992 4149 1405 4213 quamquam
1450 4127 1659 4211 vulgo
1709 4126 1794 4191 ad
1839 4126 2017 4191 hanc
2059 4148 2198 4191 rem
2245 4147 2490 4213 parum
2536 4125 2942 4212 attenditur,

647 4332 694 4402 1)
731 4333 889 4388 Diod.
928 4333 1011 4388 17.
1052 4334 1171 4388 111.
1212 4332 1366 4387 1—3.

651 4423 696 4493 2)
734 4424 945 4478 Ari-ian.
983 4422 1121 4491 §23-
1159 4422 1421 4492 Polyaon.
1460 4420 1509 4475 8.
1547 4421 1633 4475 60.
1673 4421 1827 4476 Diod.
1868 4422 1950 4476 19.
1989 4421 2074 4475 52.
2112 4421 2175 4486 5;
2214 4421 2297 4475 19.
2336 4421 2420 4475 11.
2460 4422 2508 4477 7.
