3338 5350
1536 531 1622 595 55

499 725 644 789 Nee
714 730 944 789 tamen
1003 724 1171 790 haee
1231 746 1337 789 res
1384 725 1872 812 impedimento
1917 724 2069 809 fuit,
2119 727 2472 811 quominus
2519 748 2748 814 saepe-

408 852 694 896 numero
743 831 1016 916 sanguis
1066 831 1623 916 adversariorum,
1672 833 2003 919 imprimis
2053 831 2365 897 affinium
2412 854 2452 897 a
2474 832 2745 919 regibus

412 937 667 1004 effusus
716 938 821 1020 sit,
871 958 989 1002 suo
1036 944 1271 1022 marte,
1324 939 1465 1003 sine
1513 937 1653 1004 ullo
1700 940 1950 1004 eivium
1996 960 2362 1021 eonsensu3
2414 938 2532 1003 sed
2580 944 2743 1004 inune

407 1047 635 1133 potius
730 1044 816 1110 de
905 1027 1133 1110 eaede’
1202 1067 1408 1131 quam
1469 1045 1555 1109 de
1623 1067 1843 1132 poena
1911 1045 2350 1132 cogitandum
2419 1051 2538 1129 est,
2608 1067 2746 1111 non

403 1152 873 1237 jurisdictione
919 1152 1037 1216 sed
1085 1152 1156 1217 vi
1199 1151 1881 1239 comprehenduntur.

501 1258 818 1324 Actiones
865 1280 1068 1345 supra
1106 1264 1516 1323 memoratae
1561 1258 1632 1322 in
1677 1259 1912 1323 eastris
1956 1258 2230 1324 habitae
2276 1266 2452 1343 sunt,
2499 1258 2744 1324 milites

408 1364 545 1429 illic
590 1371 977 1453 praesentes
1026 1366 1278 1430 civium
1325 1367 1470 1430 vioe
1516 1363 1898 1451 funguntur
1922 1364 1991 1447 ¹),
2037 1367 2109 1430 in
2154 1367 2301 1454 ipsa
2345 1366 2744 1431 Macedonia

412 1476 659 1554 autem,
707 1471 930 1536 eontio
977 1471 1228 1535 civium
1273 1472 1590 1535 nimirum
1635 1470 1762 1535 hoo
1807 1492 2085 1537 munere
2131 1470 2562 1558 fungebatur.

498 1579 655 1644 Non
722 1577 1002 1643 dubium
1062 1583 1165 1643 est
1232 1580 1396 1664 quin
1462 1579 1534 1642 in
1601 1576 2020 1661 Macedonia,
2091 1580 2164 1643 in
2230 1579 2400 1644 urbe
2467 1578 2743 1666 capitali

407 1684 600 1750 Pella
648 1708 688 1750 a
731 1706 891 1771 rege
937 1685 1160 1750 varias
1207 1684 1292 1750 ob
1338 1705 1572 1749 causas
1620 1686 1965 1751 contiones
2009 1686 2230 1773 plebis
2275 1685 2549 1750 habitae
2585 1687 2738 1751 sint.

406 1791 892 1858 Verosimiliter
938 1793 1166 1858 eonoio
1189 1792 1408 1880 plebis
1453 1794 1824 1880 composita
1853 1799 1999 1858 erat
2044 1792 2303 1858 oivibus
2328 1792 2595 1877 adultis,
2622 1796 2739 1880 qui

407 1898 687 1964 militiae
710 1921 987 1965 munere
1035 1897 1515 1985 fungebantur,
1562 1898 1676 1964 vel
1720 1897 2061 1986 perfuncti
2098 1906 2310 1983 erant,
2337 1906 2406 1964 et
2428 1901 2738 1966 omnibus

406 2005 666 2071 civibus
734 2008 850 2093 qui
920 2007 1006 2071 ad
1070 2006 1246 2071 hano
1292 2027 1437 2070 rem
1480 2006 1550 2070 in
1595 2006 1833 2072 urbem
1877 2008 2351 2073 convenissent
2396 2008 2618 2073 aditus
2664 2008 2735 2071 in

405 2114 785 2178 contionem
869 2115 1107 2201 patuit.
1179 2112 1483 2199 Vestigia
1548 2111 1933 2199 hujusmodi
2001 2115 2390 2180 contionum
2456 2116 2527 2178 in
2592 2115 2738 2201 ipsa

404 2219 822 2304 Macedonia,
914 2221 986 2286 in
1076 2221 1318 2306 quibus
1400 2242 1520 2285 rex
1587 2221 1799 2286 verba
1867 2223 2102 2286 feeerit
2168 2243 2394 2287 eoram
2459 2221 2735 2309 popu10,

406 2328 715 2411 quamvis
799 2349 953 2392 rara
1034 2329 1186 2411 sint,
1267 2334 1499 2393 tamen
1582 2334 1875 2394 aetaizem
1945 2328 2250 2394 tulerunt
2275 2330 2346 2410 2).
2420 2326 2735 2395 Ceterum

405 2455 655 2519 magna
741 2455 866 2521 pro
957 2440 1151 2521 parte
1233 2456 1520 2521 regnum
1606 2434 1807 2500 civile
1891 2456 2047 2500 oum
2114 2436 2394 2523 imperio
2460 2435 2734 2501 militari

406 2539 761 2606 confusum
808 2547 925 2607 est.

495 2646 846 2714 Summam
909 2669 1054 2713 rem
1098 2668 1232 2713 non
1281 2669 1490 2736 penes
1537 2650 1882 2715 contiones
1927 2648 2144 2738 plebis
2189 2649 2398 2715 fuisse
2436 2670 2541 2714 res
2587 2649 2733 2737 ipsa

406 2754 557 2821 fert.
605 2753 779 2821 Cum
821 2755 1114 2821 Romani
1166 2777 1344 2822 anno
1395 2757 1521 2822 16?
1573 2759 1643 2822 in
1691 2764 1981 2844 quatuor
2017 2757 2426 2845 regionibus,
2475 2759 2544 2822 in
2566 2779 2732 2843 quas

404 2862 802 2929 Macedonia
869 2862 955 2928 ab
1010 2864 1089 2928 iis
1153 2864 1370 2928 divisa
1436 2871 1557 2947 est,
1630 2864 1932 2951 singulas
1999 2866 2342 2931 contiones
2388 2864 2604 2953 plebis
2665 2872 2734 2931 eia

404 2975 679 3035 senatus
766 2969 1104 3054 (συνέδριον)
1187 2971 1693 3037 constituissent
1715 2970 1789 3056 3),
1879 2972 2122 3057 quibus
2190 2993 2522 3037 summam
2588 2994 2732 3037 rem

402 3078 914 3161 commista-ent,
989 3078 1432 3143 dissensiones
1501 3085 1688 3144 ortae
1750 3085 1925 3162 sunt,
1979 3079 2064 3144 de
2111 3101 2245 3164 qua
2287 3100 2360 3143 re
2406 3078 2730 3165 Polybius

400 3184 564 3249 dicit
607 3185 677 3249 id
725 3205 864 3250 non
907 3186 1153 3250 mirum
1201 3208 1361 3269 esse,
1410 3207 1566 3251 oum
1604 3186 2008 3252 Macedones
2050 3183 2264 3260 ἀήθεις
2289 3185 2730 3266 δημοκρατικῆς

402 3290 505 3354 καὶ
553 3290 933 3370 συνεδριακῆς
979 3291 1296 3364 πολιτείας
1345 3298 1566 3358 essent
1587 3292 1656 3375 4).

484 3398 628 3463 Nee
694 3404 925 3462 tamen
993 3399 1242 3465 ideireo
1310 3399 1456 3486 regi
1526 3398 1648 3464 soli
1697 3421 1961 3465 summa
2005 3421 2110 3464 res
2163 3399 2520 3465 commissa
2566 3406 2726 3465 erat.

397 3504 703 3569 Primum
762 3505 1121 3571 concilium
1190 3506 1371 3591 quod
1418 3505 1883 3591 consulebant,
1946 3505 2080 3570 fuit
2142 3512 2515 3572 eonvenssuS
2565 3507 2730 3570 ami-

397 3632 630 3676 corum
697 3617 764 3676 et
830 3619 1381 3699 purpuraborum,
1450 3633 1649 3700 porro
1718 3612 1844 3677 fuit
1915 3612 2307 3699 synedrium
2376 3612 2731 3677 universae

395 3717 789 3797 nobilitatis,
837 3718 1264 3784 hetaerorum
1309 3718 1453 3784 sive
1500 3717 1823 3805 equitum,
1850 3720 1956 3783 oui
1977 3739 2083 3783 res
2107 3718 2383 3782 maximi
2404 3717 2729 3790 momenti

343 3823 350 3832 ’
395 3824 876 3890 deliberandae
921 3822 1401 3890 deferebantur
1428 3825 1501 3910 5).
1548 3825 1798 3891 Variae
1827 3846 1934 3891 res
1959 3823 2236 3890 fuerunt
2259 3844 2431 3912 quae
2457 3824 2727 3890 decerni

442 4038 489 4106 1)
527 4040 593 4093 cf.
652 4039 811 4093 Diod.
869 4038 953 4092 18.
1008 4040 1058 4091 4.
1113 4040 1163 4093 3.
1219 4040 1315 4094 ubi
1367 4040 1569 4095 dicitur
1625 4040 1694 4096 de
1750 4040 1997 4098 exercitu
2033 4041 2094 4090 τὸ
2131 4041 2278 4090 κοινὸν
2315 4046 2409 4090 τῶν
2447 4039 2728 4091 Μακεδόνων

391 4132 574 4186 πλῆθος
612 4128 677 4182 cf.
716 4128 915 4182 Justin.
954 4128 1036 4182 12.
1075 4128 1124 4182 3.
1161 4128 1225 4196 2;
1270 4128 1353 4181 12.
1394 4130 1475 4182 11.
1519 4130 1566 4182 1.

443 4216 493 4287 2)
538 4216 695 4273 Diod.
737 4218 822 4272 16.
860 4218 910 4272 3.
948 4218 1008 4284 1;
1047 4219 1130 4272 17.
1170 4218 1219 4272 2.
1262 4218 1312 4271 2.

444 4304 493 4372 3)
528 4306 641 4361 Liv.
678 4306 764 4361 45.
802 4307 888 4360 32.

445 4394 494 4462 4>
529 4395 722 4466 Polyb.
761 4395 847 4449 31.
886 4396 973 4449 12.
1011 4396 1094 4451 12.

444 4483 493 4550 5)
529 4483 731 4539 Justin.
775 4485 859 4539 13.
899 4485 950 4541 2.
987 4485 1051 4551 4;
1088 4486 1139 4540 4.
1177 4485 1240 4551 2;
1279 4484 1364 4540 33.
1405 4486 1449 4539 1.
1493 4488 1540 4541 4.
1579 4486 1734 4540 Diod.
1758 4485 1839 4541 18.
1861 4486 1908 4539 2.
1931 4486 1980 4539 2.
2003 4486 2213 4541 Arrian.
2237 4489 2285 4541 1.
2307 4487 2549 4552 25.4;2.
2568 4486 2653 4540 25.
2675 4488 2725 4541 2.
