3338 5350
1539 512 1666 577 175

427 706 607 792 quod
653 706 727 770 in
775 706 1012 770 eadem
1054 705 1494 794 inscriptione
1540 728 1757 773 sermo
1802 706 1880 773 fit
1927 712 2032 772 τοῦ
2082 712 2274 772 κοινοῦ
2322 711 2439 773 τῶν
2486 707 2764 783 Παιόνων,

428 813 692 878 nummi
739 834 1005 899 quoque
1051 814 1353 900 ejusdem
1399 816 1576 900 regis
1623 816 1712 880 ad
1757 837 1879 881 nos
1918 822 2398 903 pervenerunt,
2445 817 2564 902 qui
2587 838 2766 882 anno

427 920 573 985 fere
620 922 703 985 27
707 922 752 985 8
798 920 1230 986 adscribendi
1275 929 1433 986 sunt
1459 921 1533 1006 1).
1626 921 1707 987 V.
1757 922 1838 988 cl.
1889 920 2011 987 Six
2056 924 2437 1011 suspicatur
2480 924 2768 1011 Dropio-

427 1049 588 1092 nem
631 1027 828 1092 illum
871 1049 1161 1112 regnum
1181 1028 1520 1093 Paeoniae
1551 1028 1784 1093 statim
1806 1035 1961 1116 post
1986 1028 2324 1095 Gallicam
2343 1030 2769 1095 invasionem

429 1134 504 1198 in
549 1136 890 1220 integrum
935 1134 1326 1218 restituisse,
1374 1136 1582 1221 idque
1622 1135 2015 1201 sustinuisse
2038 1143 2274 1201 contra
2297 1137 2769 1224 competitores

428 1243 623 1327 regni
708 1242 1147 1325 Macedonici,
1241 1242 1526 1330 perinde
1612 1264 1691 1307 ac
1757 1242 2213 1330 Apollodorus
2282 1242 2771 1332 aliquantisper

436 1348 894 1414 Cassandreae
962 1371 1106 1414 sese
1172 1350 1511 1415 sustinuit.
1625 1349 1914 1437 Insuper
1983 1373 2020 1414 e
2088 1350 2259 1415 serie
2335 1371 2770 1416 nummorum

430 1453 672 1539 (Catal.
746 1456 914 1520 Brit.
987 1455 1158 1521 Mus.
1229 1455 1584 1522 Macedon.
1668 1479 1736 1544 p.
1813 1458 1895 1521 15
1966 1463 2064 1522 n⁰.
2127 1456 2414 1536 59—65)
2485 1463 2773 1546 apparet

430 1563 799 1629 Paeoniam
844 1562 1260 1648 aliquamdiu
1305 1562 1693 1628 libertatem
1740 1585 1934 1629 suam
1978 1584 2300 1628 servasse.
2346 1562 2486 1629 Alii
2508 1565 2771 1629 nummi

431 1670 613 1735 enim
660 1670 805 1736 aliis
851 1670 1097 1735 litteris
1144 1670 1367 1735 ornati
1408 1670 1716 1735 indicant
1741 1669 2070 1757 Dropioni
2094 1669 2300 1734 etiam
2324 1691 2771 1736 successorem

429 1775 639 1842 fuisse
685 1775 876 1862 cujus
922 1798 1171 1842 nomen
1235 1797 1373 1841 non
1412 1776 1757 1862 integrum
1808 1776 2084 1862 quidem
2133 1775 2222 1839 ad
2265 1797 2388 1841 nos
2434 1778 2770 1864 pervenit,

432 1885 549 1949 sed
618 1885 861 1972 incipit
925 1906 1050 1973 per
1096 1907 1242 1963 παρ.
1336 1882 1429 1947 Hi
1474 1883 1736 1949 nummi
1799 1890 2026 1948 autem
2071 1882 2232 1948 inde
2278 1882 2364 1946 ab
2415 1905 2592 1949 anno
2638 1884 2723 1947 27
2728 1883 2770 1947 2

429 2014 643 2078 usque
689 1993 776 2057 ad
824 1992 956 2057 250
1007 1993 1255 2079 signati
1305 1998 1463 2058 sunt
1490 1992 1562 2076 ²),
1610 1992 1791 2078 quod
1838 1992 2148 2057 indicant
2193 1991 2388 2076 signa
2435 1997 2503 2054 et
2539 2012 2769 2057 mono-

429 2106 828 2185 grammata.
880 2100 964 2194 Si,
1000 2100 1212 2185 igitur
1255 2100 1549 2165 nummis
1594 2098 1732 2163 illis
1771 2097 1980 2163 fidem
2018 2098 2271 2164 habere
2291 2099 2451 2165 licet
2472 2100 2772 2165 Paeonia

430 2228 570 2270 non
613 2214 773 2272 ante
841 2229 1096 2272 annum
1143 2207 1273 2271 250
1317 2206 1597 2289 interiit,
1663 2227 1820 2271 cum
1863 2205 2083 2292 major
2141 2230 2299 2294 pars
2346 2230 2387 2272 a
2431 2207 2770 2273 Dardanis

431 2320 634 2400 capta
701 2319 835 2398 est;
927 2314 1112 2378 haud
1180 2313 1317 2379 scio
1387 2336 1476 2378 an
1542 2314 1929 2398 Antigonus
2008 2315 2441 2401 occupaverit
2506 2321 2771 2401 partem

431 2420 965 2504 meridionalem,
1012 2443 1165 2486 cum
1215 2443 1255 2485 a
1305 2420 1783 2510 Septentrione
1836 2421 1993 2486 Axii
2043 2419 2341 2485 saltuum
2383 2421 2774 2507 Antigonea

430 2525 592 2592 urbs
660 2527 1071 2611 inveniatur,
1140 2527 1636 2616 propugnaculi
1707 2528 1939 2592 instar.
2034 2527 2169 2593 Sed
2237 2549 2375 2593 non
2438 2534 2595 2593 ante
2639 2529 2769 2593 217

430 2635 751 2701 universa
817 2634 1118 2701 Paeonia
1187 2634 1625 2701 Macedoniae
1697 2633 2021 2721 adjuncta
2113 2640 2233 2700 est.
2347 2634 2522 2702 Tum
2592 2636 2774 2707 enim

431 2740 772 2828 Bylazora
818 2742 1145 2830 oppidum
1189 2743 1263 2807 in
1307 2741 1647 2807 Paeoniae
1692 2750 1887 2829 parte
1925 2742 2437 2829 septentrionali
2482 2743 2686 2808 situm
2734 2766 2775 2809 a

434 2848 755 2938 Philippo
800 2849 866 2913 V
932 2855 1209 2938 captum
1257 2857 1375 2931 est,
1452 2847 1570 2935 qui
1638 2855 1802 2913 tunc
1846 2847 2052 2913 finem
2096 2847 2265 2916 fecit
2305 2849 2772 2915 invasionibus

433 2955 874 3022 barbarorum
921 2953 1415 3043 Septentrionis
1447 2955 1514 3039 3).

521 3062 842 3149 Regnum
885 3063 1236 3150 Illyricum
1281 3064 1701 3150 temporibus
1747 3062 2078 3150 Antigoni
2109 3063 2596 3129 validissimum
2619 3063 2771 3148 fuit,

431 3176 685 3255 tamen,
754 3179 1090 3257 quantum
1158 3176 1468 3258 apparet,
1537 3192 1805 3258 semper
1871 3193 2025 3236 cum
2093 3171 2492 3237 Macedonia
2533 3193 2773 3259 pacem

434 3277 702 3362 agebat.
791 3277 1186 3343 Latrocinia
1250 3279 1431 3342 enim
1494 3299 1673 3343 anno
1732 3278 1865 3343 230
1910 3277 2054 3342 fere
2099 3279 2222 3344 sub
2270 3279 2548 3364 Agrone
2591 3300 2770 3364 rege,

432 3390 589 3471 post
653 3390 939 3450 mortem
1008 3384 1151 3469 ejus
1219 3383 1343 3449 sub
1416 3384 1634 3449 Teuta
1701 3386 1941 3470 regina
1988 3383 2192 3468 facta,
2261 3406 2773 3472 nonnumquam

434 3490 873 3557 Macedoniae
940 3491 1378 3577 instigatione
1442 3499 1754 3580 suscepta
1782 3492 1849 3577 ⁴),
1913 3514 2178 3581 semper
2241 3493 2327 3558 ad
2373 3493 2659 3580 Epirum
2705 3500 2774 3557 et

433 3596 791 3663 Graeciam
861 3598 1281 3687 spectabant,
1350 3620 1725 3684 numquam
1770 3599 1990 3688 ipsam
2052 3599 2520 3666 Macedoniam
2569 3599 2772 3664 attin-

487 3930 539 3999 1)
576 3929 689 3986 six.
727 3930 1005 3985 Annuaire
1042 3931 1490 3999 Numismatique
1528 3930 1687 3984 1883.
1725 3948 1778 4001 p.
1817 3930 1867 3985 6.

484 4020 513 4061 2
575 4020 672 4075 Six
707 4021 780 4075 l.l.
863 4062 874 4075 .
916 4021 998 4074 11.

485 4026 534 4176 33
568 4109 759 4181 Polyb.
800 4038 854 4163 51?
889 4110 973 4163 97.
1014 4111 1064 4163 1.
1099 4110 1339 4166 Φίλιππος
1380 4111 1406 4159 ὃ
1441 4111 1679 4171 βασιλεὺς
1716 4110 2035 4173 κατελάβετο
2056 4107 2338 4173 Βυλάζωρα,
2356 4111 2604 4175 μεγίστην
2624 4108 2772 4161 οὖσαν

430 4199 573 4246 πόλιν
630 4201 721 4256 τῆς
758 4199 993 4256 Παιονίας
1031 4242 1042 4253 .
1084 4238 1097 4254 .
1137 4237 1147 4249 .
1188 4199 1317 4248 ὥστε
1354 4197 1435 4258 διὰ
1469 4203 1560 4258 τῆς
1596 4197 1813 4263 πράξεως
1848 4199 2041 4259 ταύτης
2079 4199 2260 4264 σχεδὸν
2296 4199 2643 4251 ἀπολελύσθαι
2680 4205 2774 4251 τοῦ

432 4289 593 4350 φόβου
629 4291 722 4338 τοῦ
758 4290 892 4338 κατὰ
930 4285 1238 4351 Δαρδανίους.
1273 4287 1332 4337 Δοὗ
1369 4291 1468 4353 γὰρ
1502 4286 1583 4338 ’ἔτι
1620 4287 1777 4357 ῥᾴδιον
1813 4288 1867 4347 ἣν
1905 4288 2076 4347 aim-074·
2113 4285 2355 4352 ἐμβαλεῖν
2383 4289 2453 4349 εἷς
2473 4289 2772 4341 Μακεδονίαν

432 4380 727 4441 κρατοῦντος
764 4378 1012 4427 Φιλίππου
1048 4383 1144 4427 τῶν
1180 4377 1388 4429 εἰσόδων.

483 4466 534 4536 4)
571 4469 761 4538 Polyb.
801 4468 851 4521 2.
890 4467 939 4520 2.
977 4465 1029 4518 5.
