3338 5350
1549 529 1675 592 143

432 724 754 811 politicae
819 724 1190 811 proprium,
1262 730 1329 789 et
1395 729 1558 789 tunc
1621 729 1691 789 et
1756 723 1979 807 hodie,
2051 730 2118 789 et
2166 746 2432 813 semper
2477 726 2637 807 erit3
2707 727 2779 790 in

431 853 753 919 praesens
822 831 991 896 haec
1055 853 1162 896 res
1221 832 1499 895 maximi
1565 831 1893 896 momenti
1960 831 2112 914 fuit,
2183 833 2368 918 quod
2433 853 2512 897 eo
2579 833 2780 897 modo

434 938 947 1026 Polysperchon
1038 961 1120 1003 ex
1182 938 1452 1025 imperii
1542 938 1984 1026 competitore
2067 939 2283 1003 socius
2366 938 2588 1004 factus
2659 946 2777 1004 est.

433 1045 740 1109 Pretium
785 1043 987 1129 hujus
1034 1045 1196 1110 novi
1247 1044 1433 1110 tituli
1489 1045 1819 1110 nimirum
1879 1043 2015 1109 fuit
2055 1051 2377 1134 praetura
2421 1044 2780 1133 Polysper-

435 1152 700 1217 chontis
768 1152 840 1216 in
905 1151 1393 1239 Peloponneso,
1444 1159 1512 1217 et
1557 1152 1886 1217 auxilium
1933 1151 2051 1217 illo
2102 1151 2248 1218 loco
2294 1154 2358 1218 ei
2404 1151 2778 1218 ferendum.

523 1257 739 1323 Filius
785 1259 1177 1324 Alexander
1244 1260 1318 1323 in
1388 1259 1623 1324 Asiam
1697 1259 1786 1324 ad
1847 1259 2273 1345 Antigonum
2318 1259 2609 1343 transiit,
2657 1280 2781 1323 nec

433 1374 667 1431 tamen
736 1372 927 1453 patet
999 1388 1205 1452 quam
1275 1366 1361 1432 ob
1430 1386 1722 1431 causam.
1830 1367 2152 1432 Fortasse
2220 1367 2283 1431 ei
2350 1366 2782 1432 commissum

437 1480 600 1555 erat,
650 1480 726 1538 ut
771 1474 1177 1558 dignitatem
1221 1474 1435 1560 patris
1480 1472 1755 1560 publice
1794 1474 1868 1537 in
1912 1473 2339 1559 Antigonum
2362 1472 2781 1556 transferret,

437 1581 522 1644 ad
596 1602 802 1666 quam
870 1580 1321 1668 suspicionem
1388 1580 1723 1644 trahimur
1810 1579 1959 1646 loco
2030 1581 2313 1645 Diodori
2387 1582 2488 1647 19.
2546 1580 2653 1646 61.
2720 1581 2777 1663 1,

437 1688 836 1774 praesertim
907 1709 1060 1752 cum
1131 1688 1448 1753 videatur
1529 1688 1760 1752 statim
1829 1687 1902 1751 in
1974 1687 2334 1752 Graeciam
2399 1688 2777 1753 revertisse.

438 1794 687 1860 Statim
734 1801 889 1882 post
932 1794 1307 1860 Alexandri
1354 1796 1728 1860 adventum
1772 1794 2181 1880 AntigonuS,
2250 1796 2561 1861 contione
2607 1794 2778 1860 mili-

436 1909 584 1966 tum
630 1907 699 1965 et
743 1902 1255 1989 peregrinorum
1302 1909 1677 1967 convocata
1723 1901 1988 1967 rettulit
2041 1903 2126 1967 de
2171 1902 2371 1968 rebus
2419 1901 2779 1967 Cassandri

438 2016 507 2074 et
556 2010 853 2074 edictum
899 2015 1135 2075 contra
1179 2009 1373 2074 illum
1412 2009 1993 2096 comprobandum
2038 2010 2321 2074 curavit.
2415 2009 2782 2074 Accusavit

439 2122 667 2180 autem
736 2114 1190 2181 Cassandrum
1261 2117 1442 2202 quod
1516 2115 1996 2203 Olympiadem
2061 2115 2526 2199 interfecisset,
2599 2116 2779 2201 quod

436 2222 653 2288 libera
721 2224 1028 2289 custodia
1095 2223 1432 2288 detineret
1495 2244 1784 2309 puerum
1852 2223 2118 2308 regium
2163 2231 2230 2287 et
2276 2230 2561 2288 matrem
2614 2221 2778 2307 ejus.

436 2331 725 2418 Insuper
782 2331 1135 2396 contendit
1223 2352 1377 2395 eum
1468 2329 1994 2396 Thessalonicen
2082 2352 2206 2417 per
2293 2331 2435 2397 vim
2505 2352 2782 2395 uxorem

438 2437 727 2519 duxisse,
800 2436 1117 2501 affectare
1187 2459 1475 2522 regnum
1542 2437 2059 2516 Macedonicum
2142 2444 2494 2524 tamquam
2564 2460 2780 2520 suum,

438 2544 798 2630 Olynthios
839 2544 916 2607 in
965 2543 1130 2608 urbe
1178 2541 1597 2609 Cassandrea
1641 2544 2029 2627 collocasse,
2080 2550 2150 2608 et
2187 2543 2453 2609 Thebas
2495 2566 2536 2610 a
2557 2541 2780 2609 Mace-

438 2650 727 2716 donibus
789 2650 1069 2734 dirutaS,
1131 2650 1205 2715 in
1257 2650 1603 2738 integrum
1639 2650 2030 2717 restituisse.
2123 2651 2389 2717 Deinde
2436 2651 2784 2716 decretum

437 2757 600 2823 tulit
658 2764 736 2822 ut
805 2758 1183 2823 Cassander
1241 2779 1367 2845 pro
1438 2758 1633 2823 hoste
1705 2758 2089 2841 haberetur,
2161 2758 2291 2822 nisi
2361 2757 2560 2822 urbes
2629 2757 2781 2822 illas

441 2866 834 2947 destrueret,
885 2871 954 2929 et
996 2887 1228 2949 regem
1274 2885 1428 2929 cum
1474 2870 1693 2929 matre
1736 2863 2025 2928 liberum
2085 2863 2478 2946 dimitteret,
2519 2867 2590 2928 in
2637 2865 2782 2927 uni-

442 2994 634 3038 verso
679 2972 1102 3059 procuratori
1148 2971 1452 3057 legitime
1496 2976 1723 3036 creato
1768 2970 2119 3056 Antigono
2166 2970 2532 3036 oboediret.
2625 2971 2782 3037 Non

440 3100 608 3166 opus
679 3085 781 3144 est
848 3079 1069 3143 dicere
1135 3077 1562 3163 Antigonum
1628 3078 1756 3143 hoc
1827 3078 2096 3143 decreto
2169 3098 2311 3143 sese
2377 3079 2662 3163 gessisse
2706 3083 2784 3142 ut

440 3186 726 3251 decebat
774 3206 1220 3250 successorem
1263 3182 1617 3271 Antipatri
1662 3190 1731 3249 et
1770 3184 2385 3272 PolysperchontiS.
2448 3185 2647 3250 Hanc
2695 3184 2780 3250 ob

437 3314 583 3356 rem
652 3291 912 3358 nullam
980 3292 1393 3358 mentionem
1461 3289 1627 3356 fecit
1694 3291 1779 3356 de
1844 3291 2046 3377 hujus
2092 3292 2311 3376 rebus,
2365 3292 2617 3379 quippe
2665 3293 2782 3377 qui

439 3407 594 3487 post
639 3398 879 3466 foedus
925 3421 1080 3464 cum
1125 3397 1477 3485 Antigono
1524 3398 1792 3481 initum,
1860 3399 2079 3485 gradu
2125 3400 2463 3486 praetorio
2511 3406 2686 3465 esset
2706 3398 2779 3485 ¹).

531 3495 750 3573 Simul
793 3506 1179 3592 Antigonus
1226 3506 1573 3572 decretum
1617 3505 1836 3570 edidit
1881 3507 1967 3571 de
2013 3506 2424 3572 Graecorum
2447 3505 2781 3573 libertate.

438 3615 505 3680 A
550 3615 713 3679 viris
782 3615 995 3680 doctis
1066 3614 1419 3679 dubitatur
1485 3613 1567 3678 ad
1636 3635 1964 3700 quosnam
2034 3613 2326 3679 Graecos
2396 3613 2782 3700 Antigonus

437 3720 558 3787 illo
627 3722 897 3786 decreto
942 3723 1369 3809 spectaverit,
1417 3727 1646 3786 utrum
1691 3719 1910 3786 solum
1953 3727 2192 3806 gentes
2236 3719 2418 3785 intra
2462 3720 2780 3785 Thermo-

439 3827 639 3916 pylas
685 3828 1002 3894 libertate
1049 3830 1420 3894 donaturus
1466 3827 1694 3911 fuerit,
1747 3850 1836 3892 an
1891 3830 2099 3893 etiam
2146 3828 2438 3894 Graecos
2477 3827 2550 3891 in
2595 3827 2778 3892 Asia.

438 3935 751 4021 Droysen
796 3936 858 3999 2.
885 3936 948 4001 2.
981 3936 1060 3999 12
1111 3959 1265 4002 ann.
1318 3940 1380 4020 2,
1422 3957 1711 4021 cumque
1759 3957 1836 4000 eo
1884 3935 2088 4020 Hugo
2129 3934 2422 4001 Gaebler
2442 3933 2781 4020 Erythrae

438 4064 506 4129 p.
564 4044 644 4108 19
689 4048 890 4130 putat
936 4065 1090 4107 eum
1139 4042 1356 4108 solum
1402 4049 1740 4129 spectasse
1788 4043 1875 4107 ad
1921 4042 2215 4108 Graecos
2238 4041 2420 4107 intra
2463 4040 2782 4106 Thermo-

493 4312 542 4373 1)
582 4314 646 4367 cf.
705 4313 970 4383 Droysen.
1026 4313 1075 4365 2.
1132 4313 1180 4365 2.
1239 4311 1306 4365 12
1348 4328 1473 4366 ann.
1514 4311 1561 4364 1.
1626 4310 1794 4379 „Dass
1831 4311 1886 4363 in
1925 4309 2106 4364 dieser
2141 4309 2388 4380 Anklage
2425 4326 2534 4364 von
2572 4309 2781 4363 seinem

448 4403 818 4471 „Verbaltniss
874 4419 945 4456 zu
1005 4401 1419 4472 Polysperchon
1474 4400 1654 4453 nichts
1695 4401 1942 4455 erwahnt
1977 4399 2128 4467 wird,
2166 4401 2237 4453 ist
2274 4399 2587 4467 auffallend,
2627 4416 2782 4454 wenn

445 4508 540 4561 „es
573 4492 723 4545 nicht
762 4492 817 4544 in
858 4490 1096 4544 Diodors
1136 4491 1361 4560 Auszug
1400 4489 1522 4543 blos
1559 4490 1915 4559 fibergangen
1954 4486 2076 4543 ist.''
