3338 5350
1707 488 1795 554 52

574 707 747 771 quae
791 683 1063 751 Curtius
1093 685 1138 768 ¹)
1188 684 1665 773 complectitur
1710 684 1977 750 verbis:
2035 685 2157 767 „ad
2200 685 2577 751 custodiam
2600 684 2913 772 corporis,

579 792 706 879 „ad
752 792 987 856 munia
1030 791 1213 856 haud
1262 790 1553 856 multum
1601 791 1959 857 servilibus
1998 792 2389 858 ministeriis
2415 791 2912 875 abhorrentia'’,

571 899 740 964 haec
784 897 1063 963 fuerunt
1089 899 1165 981 2).
1239 898 1418 985 Regi
1479 899 1553 962 in
1599 899 1859 964 intimis
1921 906 1988 964 et
2031 899 2503 987 privatissimis
2547 898 2749 964 rebus
2795 900 2912 963 ad-

574 1004 851 1070 fuerunt
878 1005 951 1092 3),
1000 1004 1408 1071 sacrificanti
1476 1011 1747 1092 praesto
1802 1011 1994 1070 erant
2021 1004 2095 1089 ⁴),
2159 1005 2585 1071 excubabant
2632 1005 2914 1071 servatis

573 1113 876 1179 noctium
922 1112 1186 1178 vicibus
1253 1112 1549 1200 proximi
1611 1111 1871 1177 foribus
1940 1113 2125 1178 aedis
2193 1113 2267 1178 in
2333 1135 2470 1199 qua
2526 1135 2647 1177 rex
2693 1112 2908 1198 acqui·

574 1219 844 1284 escebat
869 1219 945 1303 5),
1016 1219 1289 1284 stabant
1338 1218 1423 1283 ad
1486 1217 1664 1284 fores
1713 1219 1898 1284 aedis
1945 1218 2089 1305 ejus
2134 1220 2207 1285 in
2252 1242 2390 1307 qua
2433 1241 2552 1285 rex
2597 1219 2913 1285 vesceba-

573 1334 684 1391 tur
710 1325 782 1412 6).
851 1326 987 1391 Per
1051 1327 1174 1391 hos
1242 1324 1518 1412 pellices
1585 1325 2192 1392 introducebantur
2251 1326 2384 1391 alio
2454 1326 2646 1392 aditu
2708 1347 2913 1412 quam

573 1454 777 1521 quem
846 1434 1090 1499 armati
1159 1432 1564 1499 obsidebant
1591 1433 1663 1515 7).
1734 1432 1953 1497 Iidem
2017 1438 2324 1520 acceptos
2372 1433 2458 1498 ab
2505 1425 2932 1519 agasonibus

573 1563 800 1628 equOS,
871 1563 1080 1627 quum
1142 1562 1261 1605 rex
1329 1540 1774 1605 adscensurus
1845 1548 2019 1606 esset
2087 1539 2562 1623 admovebant,
2633 1542 2908 1608 comita-

573 1650 957 1735 banturque
1030 1656 1098 1712 et
1164 1653 1532 1712 venantem
1579 1655 1649 1711 et
1694 1646 1767 1711 in
1812 1647 2085 1734 proeliis
2114 1645 2188 1732 8),
2259 1648 2438 1733 quod
2496 1654 2912 1735 postremum

574 1756 1011 1823 confirmatur
1058 1777 1098 1818 a
1143 1754 1342 1820 Livio
1388 1754 1496 1818 45.
1524 1755 1585 1820 6.
1615 1753 1678 1817 7.
1772 1753 2100 1819 Sedentes
2146 1775 2303 1819 cum
2345 1775 2505 1838 rege
2551 1755 2910 1821 vesceban-

570 1873 685 1930 tur
709 1863 784 1948 9).
878 1861 1278 1948 Castigandi
1338 1861 1734 1927 verberibus
1797 1882 1908 1927 eos
1976 1860 2228 1926 nullius
2296 1867 2596 1949 potestas
2640 1870 2913 1950 praeter

571 1972 797 2059 ipsum
862 1991 1096 2056 regem
1143 1976 1305 2052 erat,
1377 1968 1495 2053 qui
1563 1969 1802 2033 eodem
1848 1970 2048 2034 modo
2118 1990 2228 2034 eos
2295 1969 2527 2056 parvis
2592 1969 2911 2056 praemiis

572 2078 952 2144 honorabat
972 2076 1070 2160 ¹⁰).
1136 2074 1453 2142 Ceterum
1507 2076 1580 2140 in
1648 2077 1964 2141 universo
2034 2097 2153 2140 rex
2198 2097 2340 2141 sese
2402 2097 2634 2141 severe
2679 2076 2753 2140 in
2799 2098 2911 2142 eos

571 2185 780 2271 gessit
816 2185 917 2269 11),
966 2184 1174 2249 variis
1220 2183 1678 2250 occasionibus
1723 2184 1959 2270 poenis
2008 2181 2409 2269 affliguntur
2435 2183 2533 2267 12).

664 2290 934 2357 Curtius
983 2292 1190 2356 etiam
1237 2298 1718 2357 commemorat
1761 2311 1993 2376 regem
2047 2312 2278 2356 eorum
2326 2291 2712 2356 educationi
2754 2312 2907 2379 pro-

574 2399 826 2465 vidisse
872 2398 957 2482 (8.
984 2400 1045 2463 6.
1072 2397 1133 2462 4.
1203 2397 1554 2484 „omnibus
1601 2397 1859 2462 artibus
1913 2398 2290 2463 studiorum
2335 2397 2680 2482 exculti”)‚
2730 2398 2911 2483 quod

574 2505 853 2594 insuper
917 2527 1004 2571 ex
1048 2505 1176 2571 hac
1245 2527 1316 2570 re
1388 2510 1692 2592 apparet,
1764 2506 1946 2590 quod
2011 2504 2404 2570 Alexander
2469 2505 2632 2571 inde
2699 2505 2785 2571 ab
2832 2527 2910 2570 eo

575 2620 880 2701 tempore
927 2635 1060 2701 quo
1107 2614 1300 2702 pueri
1345 2613 1517 2701 regii
1560 2613 1633 2678 in
1680 2612 1914 2679 castris
1949 2613 2250 2696 aderant,
2299 2612 2480 2700 quod
2506 2611 2765 2678 factum
2809 2618 2913 2678 est

576 2727 867 2785 exeunte
913 2742 1091 2786 anno
1139 2722 1287 2804 331,
1361 2720 1763 2788 Callistheni
1800 2720 2203 2808 philosopho
2269 2720 2618 2808 praecepit
2676 2727 2754 2786 ut
2800 2741 2912 2786 eos

574 2827 961 2893 institueret
1006 2827 1095 2892 ad
1141 2849 1342 2893 omne
1388 2826 1597 2893 officii
1636 2850 1881 2893 munus
1905 2827 2003 2915 13).

663 2933 873 2999 Aliud
903 2934 1287 3000 institutum
1315 2934 1496 3020 quod
1521 2941 2084 3000 commemoratur
2106 2934 2522 3022 temporibus
2539 2934 2915 3001 Alexandri

571 3040 810 3127 Magni
856 3048 926 3106 et
972 3040 1202 3106 fratris
1253 3041 1397 3127 ejus
1446 3041 1755 3129 Philippi
1799 3040 2029 3122 Tertii,
2079 3042 2225 3106 sine
2270 3041 2476 3108 dubio
2516 3041 2663 3127 jam
2710 3048 2911 3107 antea

576 3147 821 3233 extitit,
869 3147 1003 3213 fuit
1046 3148 1408 3235 collegium
1452 3147 1624 3213 illud
1672 3154 1930 3236 septem
1960 3169 2315 3235 procerum
2338 3147 2912 3229 σωματοφυλάκων,

627 3371 677 3439 1)
715 3372 867 3428 Curt.
904 3373 955 3427 s.
992 3374 1045 3427 6.
1084 3372 1146 3441 23
1183 3371 1233 3426 5.
1274 3374 1322 3425 1.
1360 3372 1445 3425 42.

626 3462 675 3529 2)
712 3463 780 3516 cf.
817 3462 931 3516 Liv.
970 3461 1055 3516 45.
1094 3462 1143 3515 6.
1185 3462 1233 3514 7.

627 3550 677 3618 3)
713 3552 925 3606 Arrian.
962 3551 1011 3603 4.
1052 3551 1136 3604 13.
1178 3552 1224 3604 1.

626 3637 673 3707 4)
710 3641 826 3694 Val.
864 3639 1011 3693 Max.
1050 3639 1098 3693 3.
1138 3640 1188 3692 3.
1228 3642 1336 3693 ext.
1378 3640 1424 3692 1.

627 3727 675 3795 5)
713 3728 866 3784 Curt.
906 3728 956 3783 8.
995 3729 1044 3782 6.
1083 3728 1131 3781 2.
1171 3728 1382 3782 Arrian.
1420 3727 1492 3781 l.l.

627 3816 678 3883 6)
716 3817 854 3873 Curt
906 3817 958 3870 8.
995 3817 1044 3870 6.
1088 3816 1170 3869 12.

630 3907 675 3974 7)
714 3907 865 3961 Curt.
904 3906 954 3959 8.
994 3906 1044 3960 6.
1083 3906 1116 3958 2
1154 3909 1210 3959 et
1245 3906 1295 3959 3.

626 3995 677 4060 8)
713 3995 852 4050 Ibid.

633 4083 681 4153 9)
718 4084 854 4139 Ibid.

602 4172 677 4239 1⁰)
715 4172 866 4226 Curt.
909 4171 958 4225 8.
996 4173 1046 4226 6.
1090 4173 1171 4226 19.

601 4262 675 4331 11)
712 4262 919 4316 Aelian.
957 4263 1016 4317 V.
1054 4263 1120 4315 Η.
1161 4262 1243 4314 14.
1281 4261 1366 4315 48.

608 4350 683 4416 12)
722 4350 874 4406 Curt.
913 4351 964 4406 8.
1000 4353 1051 4405 6.
1093 4351 1140 4405 7.

599 4439 675 4506 13)
712 4440 923 4495 Arrian.
961 4441 1011 4495 4.
1053 4440 1134 4493 14.
1176 4441 1220 4494 1.
