<?xml version="1.0" encoding="UTF-8"?>
<!DOCTYPE html PUBLIC "-//W3C//DTD XHTML 1.0 Transitional//EN"
    "http://www.w3.org/TR/xhtml1/DTD/xhtml1-transitional.dtd">
<html xmlns="http://www.w3.org/1999/xhtml" xml:lang="en" lang="en">
 <head>
  <title>
</title>
<meta http-equiv="Content-Type" content="text/html;charset=utf-8" />
  <meta name='ocr-system' content='tesseract 3.04.00' />
  <meta name='ocr-capabilities' content='ocr_page ocr_carea ocr_par ocr_line ocrx_word'/>
</head>
<body>
  <div class='ocr_page' id='page_1' title='image "./definibusregnim01breegoog_0179.png"; bbox 0 0 3338 5350; ppageno 0'>
   <div class='ocr_carea' id='block_1_1' title="bbox 1554 501 1681 565">
    <p class='ocr_par' dir='ltr' id='par_1_1' title="bbox 1554 501 1681 565">
     <span class='ocr_line' id='line_1_1' title="bbox 1554 501 1681 565; baseline 0.008 -1"><span class='ocrx_word' id='word_1_1' title='bbox 1554 501 1681 565; x_wconf 87' lang='lat'>103</span> 
     </span>
    </p>
   </div>
   <div class='ocr_carea' id='block_1_2' title="bbox 440 695 2795 3463">
    <p class='ocr_par' dir='ltr' id='par_1_2' title="bbox 440 695 2791 2716">
     <span class='ocr_line' id='line_1_2' title="bbox 440 695 2780 783; baseline -0.002 -19"><span class='ocrx_word' id='word_1_2' title='bbox 440 698 981 780; x_wconf 79' lang='lat' dir='ltr'>Atheniensium,</span> <span class='ocrx_word' id='word_1_3' title='bbox 1032 698 1139 763; x_wconf 93' lang='lat' dir='ltr'>cui</span> <span class='ocrx_word' id='word_1_4' title='bbox 1188 704 1350 762; x_wconf 84' lang='lat' dir='ltr'>tunc</span> <span class='ocrx_word' id='word_1_5' title='bbox 1402 696 1729 783; x_wconf 88' lang='lat' dir='ltr'>temporis</span> <span class='ocrx_word' id='word_1_6' title='bbox 1775 696 2159 783; x_wconf 79' lang='lat' dir='ltr'>Hyperides</span> <span class='ocrx_word' id='word_1_7' title='bbox 2210 701 2437 761; x_wconf 86' lang='lat' dir='ltr'>orator</span> <span class='ocrx_word' id='word_1_8' title='bbox 2461 695 2780 783; x_wconf 83' lang='lat' dir='ltr'>praefuit,</span> 
     </span>
     <span class='ocr_line' id='line_1_3' title="bbox 442 800 2784 889; baseline -0.001 -19"><span class='ocrx_word' id='word_1_9' title='bbox 442 807 516 870; x_wconf 90' lang='lat' dir='ltr'>in</span> <span class='ocrx_word' id='word_1_10' title='bbox 564 805 880 870; x_wconf 86' lang='lat' dir='ltr'>universo</span> <span class='ocrx_word' id='word_1_11' title='bbox 928 804 1371 872; x_wconf 82' lang='lat' dir='ltr'>Macedoniae</span> <span class='ocrx_word' id='word_1_12' title='bbox 1437 803 1735 886; x_wconf 87' lang='lat' dir='ltr'>inimica,</span> <span class='ocrx_word' id='word_1_13' title='bbox 1805 808 1970 867; x_wconf 86' lang='lat' dir='ltr'>tunc</span> <span class='ocrx_word' id='word_1_14' title='bbox 2014 802 2347 889; x_wconf 81' lang='lat' dir='ltr'>imprimis</span> <span class='ocrx_word' id='word_1_15' title='bbox 2392 800 2784 868; x_wconf 78' lang='lat' dir='ltr'>Alexandro</span> 
     </span>
     <span class='ocr_line' id='line_1_4' title="bbox 443 909 2785 997; baseline -0.002 -19"><span class='ocrx_word' id='word_1_16' title='bbox 443 920 513 978; x_wconf 89' lang='lat' dir='ltr'>et</span> <span class='ocrx_word' id='word_1_17' title='bbox 560 912 1004 978; x_wconf 75' lang='lat' dir='ltr'>dominationi</span> <span class='ocrx_word' id='word_1_18' title='bbox 1052 910 1529 976; x_wconf 78' lang='lat' dir='ltr'>Macedonicae</span> <span class='ocrx_word' id='word_1_19' title='bbox 1573 909 2017 975; x_wconf 85' lang='lat' dir='ltr'>infestissima</span> <span class='ocrx_word' id='word_1_20' title='bbox 2070 915 2234 992; x_wconf 86' lang='lat' dir='ltr'>erat,</span> <span class='ocrx_word' id='word_1_21' title='bbox 2282 914 2561 997; x_wconf 85' lang='lat' dir='ltr'>propter</span> <span class='ocrx_word' id='word_1_22' title='bbox 2609 909 2785 973; x_wconf 89' lang='lat' dir='ltr'>edic-</span> 
     </span>
     <span class='ocr_line' id='line_1_5' title="bbox 446 1017 2787 1105; baseline -0.001 -22"><span class='ocrx_word' id='word_1_23' title='bbox 446 1026 587 1084; x_wconf 89' lang='lat' dir='ltr'>tum</span> <span class='ocrx_word' id='word_1_24' title='bbox 641 1019 726 1084; x_wconf 89' lang='lat' dir='ltr'>de</span> <span class='ocrx_word' id='word_1_25' title='bbox 786 1018 1062 1084; x_wconf 86' lang='lat' dir='ltr'>exulum</span> <span class='ocrx_word' id='word_1_26' title='bbox 1108 1018 1332 1083; x_wconf 86' lang='lat' dir='ltr'>reditu</span> <span class='ocrx_word' id='word_1_27' title='bbox 1355 1017 1424 1102; x_wconf 81' lang='grc'>1),</span> <span class='ocrx_word' id='word_1_28' title='bbox 1470 1023 1847 1105; x_wconf 79' lang='lat' dir='ltr'>parataque</span> <span class='ocrx_word' id='word_1_29' title='bbox 1916 1022 2061 1082; x_wconf 91' lang='lat' dir='ltr'>erat</span> <span class='ocrx_word' id='word_1_30' title='bbox 2129 1022 2204 1081; x_wconf 88' lang='lat' dir='ltr'>ut</span> <span class='ocrx_word' id='word_1_31' title='bbox 2249 1017 2473 1104; x_wconf 89' lang='lat' dir='ltr'>prima</span> <span class='ocrx_word' id='word_1_32' title='bbox 2518 1038 2787 1103; x_wconf 87' lang='lat' dir='ltr'>quaque</span> 
     </span>
     <span class='ocr_line' id='line_1_6' title="bbox 444 1122 2788 1210; baseline -0.003 -18"><span class='ocrx_word' id='word_1_33' title='bbox 444 1127 793 1192; x_wconf 79' lang='lat' dir='ltr'>occasione</span> <span class='ocrx_word' id='word_1_34' title='bbox 862 1147 1006 1191; x_wconf 87' lang='lat' dir='ltr'>sese</span> <span class='ocrx_word' id='word_1_35' title='bbox 1071 1125 1240 1210; x_wconf 85' lang='lat' dir='ltr'>jugo</span> <span class='ocrx_word' id='word_1_36' title='bbox 1310 1124 1593 1191; x_wconf 86' lang='lat' dir='ltr'>molesto</span> <span class='ocrx_word' id='word_1_37' title='bbox 1661 1123 2001 1189; x_wconf 87' lang='lat' dir='ltr'>liberaret.</span> <span class='ocrx_word' id='word_1_38' title='bbox 2114 1123 2204 1188; x_wconf 78' lang='lat' dir='ltr'>Et</span> <span class='ocrx_word' id='word_1_39' title='bbox 2266 1122 2443 1189; x_wconf 85' lang='lat' dir='ltr'>forte</span> <span class='ocrx_word' id='word_1_40' title='bbox 2509 1122 2788 1188; x_wconf 87' lang='lat' dir='ltr'>fortuna</span> 
     </span>
     <span class='ocr_line' id='line_1_7' title="bbox 446 1229 2788 1320; baseline -0.003 -22"><span class='ocrx_word' id='word_1_41' title='bbox 446 1234 696 1299; x_wconf 88' lang='lat' dir='ltr'>accidit</span> <span class='ocrx_word' id='word_1_42' title='bbox 762 1238 839 1298; x_wconf 82' lang='lat' dir='ltr'>ut</span> <span class='ocrx_word' id='word_1_43' title='bbox 909 1254 986 1298; x_wconf 95' lang='lat' dir='ltr'>eo</span> <span class='ocrx_word' id='word_1_44' title='bbox 1053 1232 1203 1320; x_wconf 90' lang='lat' dir='ltr'>ipso</span> <span class='ocrx_word' id='word_1_45' title='bbox 1275 1253 1452 1298; x_wconf 88' lang='lat' dir='ltr'>anno</span> <span class='ocrx_word' id='word_1_46' title='bbox 1516 1232 1646 1296; x_wconf 84' lang='lat'>323</span> <span class='ocrx_word' id='word_1_47' title='bbox 1724 1231 2144 1296; x_wconf 88' lang='lat' dir='ltr'>validissima</span> <span class='ocrx_word' id='word_1_48' title='bbox 2210 1229 2438 1313; x_wconf 86' lang='lat' dir='ltr'>fuerit,</span> <span class='ocrx_word' id='word_1_49' title='bbox 2508 1251 2661 1294; x_wconf 89' lang='lat' dir='ltr'>cum</span> <span class='ocrx_word' id='word_1_50' title='bbox 2726 1229 2788 1293; x_wconf 93' lang='lat' dir='ltr'>ei</span> 
     </span>
     <span class='ocr_line' id='line_1_8' title="bbox 443 1336 2786 1429; baseline -0.002 -24"><span class='ocrx_word' id='word_1_51' title='bbox 443 1352 713 1429; x_wconf 88' lang='lat' dir='ltr'>praesto</span> <span class='ocrx_word' id='word_1_52' title='bbox 758 1345 931 1405; x_wconf 87' lang='lat' dir='ltr'>esset</span> <span class='ocrx_word' id='word_1_53' title='bbox 977 1339 1285 1428; x_wconf 87' lang='lat' dir='ltr'>pecunia,</span> <span class='ocrx_word' id='word_1_54' title='bbox 1334 1339 1662 1405; x_wconf 84' lang='lat' dir='ltr'>exercitus</span> <span class='ocrx_word' id='word_1_55' title='bbox 1712 1344 1780 1403; x_wconf 89' lang='lat' dir='ltr'>et</span> <span class='ocrx_word' id='word_1_56' title='bbox 1824 1339 2120 1427; x_wconf 89' lang='lat' dir='ltr'>optimus</span> <span class='ocrx_word' id='word_1_57' title='bbox 2168 1337 2308 1401; x_wconf 88' lang='lat' dir='ltr'>dux</span> <span class='ocrx_word' id='word_1_58' title='bbox 2352 1336 2786 1418; x_wconf 79' lang='lat' dir='ltr'>LeostheneS,</span> 
     </span>
     <span class='ocr_line' id='line_1_9' title="bbox 447 1442 2786 1535; baseline -0.002 -23"><span class='ocrx_word' id='word_1_59' title='bbox 447 1470 622 1512; x_wconf 89' lang='lat' dir='ltr'>unus</span> <span class='ocrx_word' id='word_1_60' title='bbox 691 1469 773 1512; x_wconf 85' lang='lat' dir='ltr'>ex</span> <span class='ocrx_word' id='word_1_61' title='bbox 838 1447 1263 1535; x_wconf 84' lang='lat' dir='ltr'>praetoribus</span> <span class='ocrx_word' id='word_1_62' title='bbox 1331 1445 1725 1511; x_wconf 86' lang='lat' dir='ltr'>Alexandri.</span> <span class='ocrx_word' id='word_1_63' title='bbox 1818 1445 1949 1509; x_wconf 91' lang='lat' dir='ltr'>Hic</span> <span class='ocrx_word' id='word_1_64' title='bbox 2018 1445 2220 1528; x_wconf 90' lang='lat' dir='ltr'>enim,</span> <span class='ocrx_word' id='word_1_65' title='bbox 2291 1465 2445 1509; x_wconf 91' lang='lat' dir='ltr'>cum</span> <span class='ocrx_word' id='word_1_66' title='bbox 2491 1442 2786 1507; x_wconf 87' lang='lat' dir='ltr'>militum</span> 
     </span>
     <span class='ocr_line' id='line_1_10' title="bbox 447 1549 2787 1621; baseline -0.003 0"><span class='ocrx_word' id='word_1_67' title='bbox 447 1561 923 1621; x_wconf 85' lang='lat' dir='ltr'>veteranorum</span> <span class='ocrx_word' id='word_1_68' title='bbox 988 1554 1175 1620; x_wconf 90' lang='lat' dir='ltr'>haud</span> <span class='ocrx_word' id='word_1_69' title='bbox 1247 1554 1818 1619; x_wconf 80' lang='lat' dir='ltr'>contemnendum</span> <span class='ocrx_word' id='word_1_70' title='bbox 1899 1572 2257 1616; x_wconf 88' lang='lat' dir='ltr'>numerum</span> <span class='ocrx_word' id='word_1_71' title='bbox 2340 1552 2412 1615; x_wconf 90' lang='lat' dir='ltr'>in</span> <span class='ocrx_word' id='word_1_72' title='bbox 2481 1549 2787 1615; x_wconf 83' lang='lat' dir='ltr'>Taenaro</span> 
     </span>
     <span class='ocr_line' id='line_1_11' title="bbox 449 1655 2788 1747; baseline -0.002 -20"><span class='ocrx_word' id='word_1_73' title='bbox 449 1660 806 1727; x_wconf 88' lang='lat' dir='ltr'>collectum</span> <span class='ocrx_word' id='word_1_74' title='bbox 850 1662 1152 1744; x_wconf 85' lang='lat' dir='ltr'>haberet,</span> <span class='ocrx_word' id='word_1_75' title='bbox 1193 1659 1341 1747; x_wconf 86' lang='lat' dir='ltr'>jam</span> <span class='ocrx_word' id='word_1_76' title='bbox 1389 1660 1809 1746; x_wconf 82' lang='lat' dir='ltr'>aliquamdiu</span> <span class='ocrx_word' id='word_1_77' title='bbox 1833 1660 2011 1725; x_wconf 88' lang='lat' dir='ltr'>clam</span> <span class='ocrx_word' id='word_1_78' title='bbox 2044 1658 2290 1745; x_wconf 86' lang='lat' dir='ltr'>agebat</span> <span class='ocrx_word' id='word_1_79' title='bbox 2313 1679 2467 1722; x_wconf 88' lang='lat' dir='ltr'>cum</span> <span class='ocrx_word' id='word_1_80' title='bbox 2491 1655 2788 1722; x_wconf 86' lang='lat' dir='ltr'>factione</span> 
     </span>
     <span class='ocr_line' id='line_1_12' title="bbox 450 1762 2788 1851; baseline -0.003 -17"><span class='ocrx_word' id='word_1_81' title='bbox 450 1769 901 1835; x_wconf 88' lang='lat' dir='ltr'>democratica</span> <span class='ocrx_word' id='word_1_82' title='bbox 971 1767 1513 1851; x_wconf 75' lang='lat' dir='ltr'>Atheniensium,</span> <span class='ocrx_word' id='word_1_83' title='bbox 1584 1766 2026 1833; x_wconf 88' lang='lat' dir='ltr'>Macedoniae</span> <span class='ocrx_word' id='word_1_84' title='bbox 2092 1766 2369 1830; x_wconf 88' lang='lat' dir='ltr'>inimica</span> <span class='ocrx_word' id='word_1_85' title='bbox 2406 1764 2478 1851; x_wconf 81' lang='grc'>2).</span> <span class='ocrx_word' id='word_1_86' title='bbox 2569 1762 2788 1828; x_wconf 89' lang='lat' dir='ltr'>Iidem</span> 
     </span>
     <span class='ocr_line' id='line_1_13' title="bbox 449 1870 2790 1962; baseline -0.003 -21"><span class='ocrx_word' id='word_1_87' title='bbox 449 1877 554 1941; x_wconf 91' lang='lat' dir='ltr'>illi</span> <span class='ocrx_word' id='word_1_88' title='bbox 622 1878 804 1942; x_wconf 89' lang='lat' dir='ltr'>cives</span> <span class='ocrx_word' id='word_1_89' title='bbox 895 1876 1264 1942; x_wconf 89' lang='lat' dir='ltr'>Leostheni</span> <span class='ocrx_word' id='word_1_90' title='bbox 1332 1897 1369 1940; x_wconf 91' lang='lat' dir='ltr'>e</span> <span class='ocrx_word' id='word_1_91' title='bbox 1437 1875 1773 1940; x_wconf 82' lang='lat' dir='ltr'>thesauris</span> <span class='ocrx_word' id='word_1_92' title='bbox 1864 1872 2272 1962; x_wconf 80' lang='lat' dir='ltr'>HarpaliciS,</span> <span class='ocrx_word' id='word_1_93' title='bbox 2367 1872 2485 1960; x_wconf 89' lang='lat' dir='ltr'>qui</span> <span class='ocrx_word' id='word_1_94' title='bbox 2570 1870 2790 1936; x_wconf 89' lang='lat' dir='ltr'>adhuc</span> 
     </span>
     <span class='ocr_line' id='line_1_14' title="bbox 447 1978 2787 2072; baseline -0.003 -22"><span class='ocrx_word' id='word_1_95' title='bbox 447 1984 737 2050; x_wconf 80' lang='lat' dir='ltr'>Athenis</span> <span class='ocrx_word' id='word_1_96' title='bbox 783 1991 1053 2072; x_wconf 86' lang='lat' dir='ltr'>praesto</span> <span class='ocrx_word' id='word_1_97' title='bbox 1117 1989 1331 2067; x_wconf 84' lang='lat' dir='ltr'>erant,</span> <span class='ocrx_word' id='word_1_98' title='bbox 1394 1982 1718 2070; x_wconf 87' lang='lat' dir='ltr'>pecunias</span> <span class='ocrx_word' id='word_1_99' title='bbox 1773 1981 2324 2071; x_wconf 84' lang='lat' dir='ltr'>suppeditabant,</span> <span class='ocrx_word' id='word_1_100' title='bbox 2375 1979 2618 2067; x_wconf 87' lang='lat' dir='ltr'>quibus</span> <span class='ocrx_word' id='word_1_101' title='bbox 2664 1978 2787 2043; x_wconf 87' lang='lat' dir='ltr'>mi-</span> 
     </span>
     <span class='ocr_line' id='line_1_15' title="bbox 447 2087 2787 2176; baseline -0.003 -20"><span class='ocrx_word' id='word_1_102' title='bbox 447 2091 601 2156; x_wconf 84' lang='lat' dir='ltr'>lites</span> <span class='ocrx_word' id='word_1_103' title='bbox 672 2111 825 2156; x_wconf 89' lang='lat' dir='ltr'>suos</span> <span class='ocrx_word' id='word_1_104' title='bbox 886 2089 1200 2156; x_wconf 89' lang='lat' dir='ltr'>omnibus</span> <span class='ocrx_word' id='word_1_105' title='bbox 1266 2089 1488 2172; x_wconf 77' lang='lat' dir='ltr'>rebuS,</span> <span class='ocrx_word' id='word_1_106' title='bbox 1581 2111 1757 2176; x_wconf 91' lang='lat' dir='ltr'>quae</span> <span class='ocrx_word' id='word_1_107' title='bbox 1825 2090 1913 2155; x_wconf 91' lang='lat' dir='ltr'>ad</span> <span class='ocrx_word' id='word_1_108' title='bbox 1980 2087 2240 2153; x_wconf 88' lang='lat' dir='ltr'>bellum</span> <span class='ocrx_word' id='word_1_109' title='bbox 2307 2109 2477 2175; x_wconf 91' lang='lat' dir='ltr'>opus</span> <span class='ocrx_word' id='word_1_110' title='bbox 2547 2089 2787 2166; x_wconf 86' lang='lat' dir='ltr'>essent,</span> 
     </span>
     <span class='ocr_line' id='line_1_16' title="bbox 449 2192 2788 2279; baseline -0.003 -16"><span class='ocrx_word' id='word_1_111' title='bbox 449 2200 828 2264; x_wconf 81' lang='lat' dir='ltr'>instrueret.</span> <span class='ocrx_word' id='word_1_112' title='bbox 921 2196 1118 2263; x_wconf 90' lang='lat' dir='ltr'>Idem</span> <span class='ocrx_word' id='word_1_113' title='bbox 1161 2196 1577 2262; x_wconf 87' lang='lat' dir='ltr'>Leosthenes</span> <span class='ocrx_word' id='word_1_114' title='bbox 1624 2196 1862 2262; x_wconf 88' lang='lat' dir='ltr'>eodem</span> <span class='ocrx_word' id='word_1_115' title='bbox 1926 2195 2122 2261; x_wconf 88' lang='lat' dir='ltr'>modo</span> <span class='ocrx_word' id='word_1_116' title='bbox 2170 2194 2345 2260; x_wconf 92' lang='lat' dir='ltr'>clam</span> <span class='ocrx_word' id='word_1_117' title='bbox 2393 2192 2788 2279; x_wconf 88' lang='lat' dir='ltr'>conjunctus</span> 
     </span>
     <span class='ocr_line' id='line_1_17' title="bbox 450 2301 2791 2389; baseline -0.004 -16"><span class='ocrx_word' id='word_1_118' title='bbox 450 2311 597 2373; x_wconf 86' lang='lat' dir='ltr'>erat</span> <span class='ocrx_word' id='word_1_119' title='bbox 636 2328 784 2371; x_wconf 90' lang='lat' dir='ltr'>cum</span> <span class='ocrx_word' id='word_1_120' title='bbox 831 2303 1113 2387; x_wconf 78' lang='lat' dir='ltr'>Aetolis,</span> <span class='ocrx_word' id='word_1_121' title='bbox 1161 2303 1345 2368; x_wconf 89' lang='lat' dir='ltr'>haud</span> <span class='ocrx_word' id='word_1_122' title='bbox 1393 2302 1618 2368; x_wconf 88' lang='lat' dir='ltr'>minus</span> <span class='ocrx_word' id='word_1_123' title='bbox 1644 2301 1956 2368; x_wconf 87' lang='lat' dir='ltr'>alienatis</span> <span class='ocrx_word' id='word_1_124' title='bbox 1981 2324 2022 2366; x_wconf 89' lang='lat' dir='ltr'>a</span> <span class='ocrx_word' id='word_1_125' title='bbox 2045 2323 2203 2388; x_wconf 86' lang='lat' dir='ltr'>rege</span> <span class='ocrx_word' id='word_1_126' title='bbox 2230 2301 2490 2383; x_wconf 81' lang='lat' dir='ltr'>animiS,</span> <span class='ocrx_word' id='word_1_127' title='bbox 2514 2306 2791 2389; x_wconf 88' lang='lat' dir='ltr'>propter</span> 
     </span>
     <span class='ocr_line' id='line_1_18' title="bbox 447 2406 2790 2497; baseline -0.003 -17"><span class='ocrx_word' id='word_1_128' title='bbox 447 2415 627 2480; x_wconf 89' lang='lat' dir='ltr'>idem</span> <span class='ocrx_word' id='word_1_129' title='bbox 674 2414 1022 2479; x_wconf 87' lang='lat' dir='ltr'>decretum</span> <span class='ocrx_word' id='word_1_130' title='bbox 1067 2412 1151 2476; x_wconf 91' lang='lat' dir='ltr'>de</span> <span class='ocrx_word' id='word_1_131' title='bbox 1198 2410 1472 2476; x_wconf 82' lang='lat' dir='ltr'>exulum</span> <span class='ocrx_word' id='word_1_132' title='bbox 1516 2409 1742 2475; x_wconf 89' lang='lat' dir='ltr'>reditu</span> <span class='ocrx_word' id='word_1_133' title='bbox 1766 2408 1839 2494; x_wconf 79' lang='lat'>3).</span> <span class='ocrx_word' id='word_1_134' title='bbox 1902 2410 2146 2496; x_wconf 88' lang='lat' dir='ltr'>Itaque</span> <span class='ocrx_word' id='word_1_135' title='bbox 2191 2406 2399 2474; x_wconf 86' lang='lat' dir='ltr'>factio</span> <span class='ocrx_word' id='word_1_136' title='bbox 2444 2408 2790 2497; x_wconf 87' lang='lat' dir='ltr'>popularis</span> 
     </span>
     <span class='ocr_line' id='line_1_19' title="bbox 448 2514 2790 2606; baseline -0.003 -20"><span class='ocrx_word' id='word_1_137' title='bbox 448 2521 679 2588; x_wconf 89' lang='lat' dir='ltr'>omnia</span> <span class='ocrx_word' id='word_1_138' title='bbox 717 2521 865 2606; x_wconf 87' lang='lat' dir='ltr'>jam</span> <span class='ocrx_word' id='word_1_139' title='bbox 911 2525 1069 2584; x_wconf 82' lang='lat' dir='ltr'>ante</span> <span class='ocrx_word' id='word_1_140' title='bbox 1114 2516 1491 2584; x_wconf 78' lang='lat' dir='ltr'>Alexandri</span> <span class='ocrx_word' id='word_1_141' title='bbox 1535 2524 1826 2584; x_wconf 89' lang='lat' dir='ltr'>mortem</span> <span class='ocrx_word' id='word_1_142' title='bbox 1872 2518 1957 2582; x_wconf 91' lang='lat' dir='ltr'>ad</span> <span class='ocrx_word' id='word_1_143' title='bbox 1983 2515 2239 2582; x_wconf 89' lang='lat' dir='ltr'>bellum</span> <span class='ocrx_word' id='word_1_144' title='bbox 2263 2522 2508 2602; x_wconf 90' lang='lat' dir='ltr'>parata</span> <span class='ocrx_word' id='word_1_145' title='bbox 2530 2514 2790 2597; x_wconf 90' lang='lat' dir='ltr'>habuit,</span> 
     </span>
     <span class='ocr_line' id='line_1_20' title="bbox 448 2627 1213 2716; baseline -0.004 -21"><span class='ocrx_word' id='word_1_146' title='bbox 448 2630 744 2716; x_wconf 81' lang='lat' dir='ltr'>necdum</span> <span class='ocrx_word' id='word_1_147' title='bbox 788 2649 932 2693; x_wconf 88' lang='lat' dir='ltr'>sese</span> <span class='ocrx_word' id='word_1_148' title='bbox 978 2627 1213 2693; x_wconf 86' lang='lat' dir='ltr'>movit.</span> 
     </span>
    </p>

    <p class='ocr_par' dir='ltr' id='par_1_3' title="bbox 447 2731 2792 3018">
     <span class='ocr_line' id='line_1_21' title="bbox 540 2731 2791 2819; baseline -0.003 -18"><span class='ocrx_word' id='word_1_149' title='bbox 540 2735 676 2801; x_wconf 86' lang='lat' dir='ltr'>Sed</span> <span class='ocrx_word' id='word_1_150' title='bbox 736 2738 977 2800; x_wconf 89' lang='lat' dir='ltr'>nuntio</span> <span class='ocrx_word' id='word_1_151' title='bbox 1042 2733 1248 2800; x_wconf 85' lang='lat' dir='ltr'>allato</span> <span class='ocrx_word' id='word_1_152' title='bbox 1311 2735 1396 2800; x_wconf 89' lang='lat' dir='ltr'>de</span> <span class='ocrx_word' id='word_1_153' title='bbox 1443 2740 1657 2799; x_wconf 87' lang='lat' dir='ltr'>morte</span> <span class='ocrx_word' id='word_1_154' title='bbox 1704 2735 1904 2819; x_wconf 85' lang='lat' dir='ltr'>regis,</span> <span class='ocrx_word' id='word_1_155' title='bbox 1952 2734 2184 2798; x_wconf 86' lang='lat' dir='ltr'>statim</span> <span class='ocrx_word' id='word_1_156' title='bbox 2230 2732 2492 2818; x_wconf 83' lang='lat' dir='ltr'>rogatio</span> <span class='ocrx_word' id='word_1_157' title='bbox 2540 2731 2624 2796; x_wconf 91' lang='lat' dir='ltr'>ad</span> <span class='ocrx_word' id='word_1_158' title='bbox 2672 2752 2791 2818; x_wconf 91' lang='lat' dir='ltr'>po-</span> 
     </span>
     <span class='ocr_line' id='line_1_22' title="bbox 447 2838 2792 2932; baseline -0.003 -24"><span class='ocrx_word' id='word_1_159' title='bbox 447 2843 690 2932; x_wconf 91' lang='lat' dir='ltr'>pulum</span> <span class='ocrx_word' id='word_1_160' title='bbox 750 2841 969 2908; x_wconf 87' lang='lat' dir='ltr'>fertur</span> <span class='ocrx_word' id='word_1_161' title='bbox 1012 2843 1098 2908; x_wconf 89' lang='lat' dir='ltr'>de</span> <span class='ocrx_word' id='word_1_162' title='bbox 1138 2842 1307 2928; x_wconf 86' lang='lat' dir='ltr'>jugo</span> <span class='ocrx_word' id='word_1_163' title='bbox 1353 2841 1789 2907; x_wconf 87' lang='lat' dir='ltr'>Macedonico</span> <span class='ocrx_word' id='word_1_164' title='bbox 1836 2840 2257 2923; x_wconf 83' lang='lat' dir='ltr'>excutiendO,</span> <span class='ocrx_word' id='word_1_165' title='bbox 2309 2838 2393 2903; x_wconf 88' lang='lat' dir='ltr'>de</span> <span class='ocrx_word' id='word_1_166' title='bbox 2438 2838 2792 2904; x_wconf 88' lang='lat' dir='ltr'>liberanda</span> 
     </span>
     <span class='ocr_line' id='line_1_23' title="bbox 452 2953 1610 3018; baseline -0.006 0"><span class='ocrx_word' id='word_1_167' title='bbox 452 2953 757 3018; x_wconf 68' lang='lat' dir='ltr'>Graecia.</span> <span class='ocrx_word' id='word_1_168' title='bbox 1599 3009 1610 3018; x_wconf 89' lang='grc'><strong>,</strong></span> 
     </span>
    </p>

    <p class='ocr_par' dir='ltr' id='par_1_4' title="bbox 452 3053 2795 3463">
     <span class='ocr_line' id='line_1_24' title="bbox 541 3053 2793 3143; baseline -0.003 -20"><span class='ocrx_word' id='word_1_169' title='bbox 541 3057 881 3123; x_wconf 89' lang='lat' dir='ltr'>Demades</span> <span class='ocrx_word' id='word_1_170' title='bbox 929 3056 1210 3122; x_wconf 83' lang='lat' dir='ltr'>factioni</span> <span class='ocrx_word' id='word_1_171' title='bbox 1256 3055 1736 3122; x_wconf 91' lang='lat' dir='ltr'>Macedonicae</span> <span class='ocrx_word' id='word_1_172' title='bbox 1783 3055 2228 3143; x_wconf 86' lang='lat' dir='ltr'>praepositus,</span> <span class='ocrx_word' id='word_1_173' title='bbox 2276 3053 2581 3119; x_wconf 88' lang='lat' dir='ltr'>Phocion</span> <span class='ocrx_word' id='word_1_174' title='bbox 2638 3073 2793 3116; x_wconf 90' lang='lat' dir='ltr'>cum</span> 
     </span>
     <span class='ocr_line' id='line_1_25' title="bbox 455 3159 2795 3248; baseline -0.003 -17"><span class='ocrx_word' id='word_1_175' title='bbox 455 3166 685 3231; x_wconf 90' lang='lat' dir='ltr'>amicis</span> <span class='ocrx_word' id='word_1_176' title='bbox 755 3165 912 3248; x_wconf 72' lang='lat' dir='ltr'>saie,</span> <span class='ocrx_word' id='word_1_177' title='bbox 972 3166 1340 3231; x_wconf 87' lang='lat' dir='ltr'>moderatis</span> <span class='ocrx_word' id='word_1_178' title='bbox 1386 3166 1569 3247; x_wconf 76' lang='lat' dir='ltr'>viriS,</span> <span class='ocrx_word' id='word_1_179' title='bbox 1616 3162 1919 3228; x_wconf 90' lang='lat' dir='ltr'>medium</span> <span class='ocrx_word' id='word_1_180' title='bbox 1965 3161 2189 3226; x_wconf 91' lang='lat' dir='ltr'>locum</span> <span class='ocrx_word' id='word_1_181' title='bbox 2233 3167 2492 3243; x_wconf 88' lang='lat' dir='ltr'>tenens,</span> <span class='ocrx_word' id='word_1_182' title='bbox 2541 3159 2795 3225; x_wconf 85' lang='lat' dir='ltr'>frustra</span> 
     </span>
     <span class='ocr_line' id='line_1_26' title="bbox 452 3267 2793 3358; baseline -0.003 -20"><span class='ocrx_word' id='word_1_183' title='bbox 452 3273 787 3358; x_wconf 86' lang='lat' dir='ltr'>rogationi</span> <span class='ocrx_word' id='word_1_184' title='bbox 838 3272 1179 3337; x_wconf 85' lang='lat' dir='ltr'>adversati</span> <span class='ocrx_word' id='word_1_185' title='bbox 1229 3279 1406 3355; x_wconf 88' lang='lat' dir='ltr'>sunt,</span> <span class='ocrx_word' id='word_1_186' title='bbox 1456 3271 1666 3357; x_wconf 86' lang='lat' dir='ltr'>legati</span> <span class='ocrx_word' id='word_1_187' title='bbox 1710 3271 1793 3335; x_wconf 89' lang='lat' dir='ltr'>ab</span> <span class='ocrx_word' id='word_1_188' title='bbox 1816 3268 2184 3356; x_wconf 82' lang='lat' dir='ltr'>Antipatro</span> <span class='ocrx_word' id='word_1_189' title='bbox 2210 3269 2392 3333; x_wconf 87' lang='lat' dir='ltr'>missi</span> <span class='ocrx_word' id='word_1_190' title='bbox 2419 3269 2505 3333; x_wconf 89' lang='lat' dir='ltr'>ad</span> <span class='ocrx_word' id='word_1_191' title='bbox 2531 3267 2793 3355; x_wconf 86' lang='lat' dir='ltr'>pericu-</span> 
     </span>
     <span class='ocr_line' id='line_1_27' title="bbox 452 3374 2791 3463; baseline -0.003 -20"><span class='ocrx_word' id='word_1_192' title='bbox 452 3379 598 3443; x_wconf 91' lang='lat' dir='ltr'>lum</span> <span class='ocrx_word' id='word_1_193' title='bbox 630 3378 1079 3444; x_wconf 84' lang='lat' dir='ltr'>avertendum</span> <span class='ocrx_word' id='word_1_194' title='bbox 1100 3378 1273 3443; x_wconf 91' lang='lat' dir='ltr'>nihil</span> <span class='ocrx_word' id='word_1_195' title='bbox 1297 3378 1669 3444; x_wconf 86' lang='lat' dir='ltr'>effecerunt</span> <span class='ocrx_word' id='word_1_196' title='bbox 1696 3375 1767 3460; x_wconf 83' lang='lat'>4):</span> <span class='ocrx_word' id='word_1_197' title='bbox 1794 3376 2130 3440; x_wconf 89' lang='lat' dir='ltr'>sententia</span> <span class='ocrx_word' id='word_1_198' title='bbox 2154 3375 2584 3463; x_wconf 88' lang='lat' dir='ltr'>popularium</span> <span class='ocrx_word' id='word_1_199' title='bbox 2612 3374 2791 3456; x_wconf 86' lang='lat' dir='ltr'>vicit,</span> 
     </span>
    </p>
   </div>
   <div class='ocr_carea' id='block_1_3' title="bbox 452 3479 2798 3569">
    <p class='ocr_par' dir='ltr' id='par_1_5' title="bbox 452 3479 2798 3569">
     <span class='ocr_line' id='line_1_28' title="bbox 452 3479 2798 3569; baseline -0.003 -19"><span class='ocrx_word' id='word_1_200' title='bbox 452 3485 706 3550; x_wconf 89' lang='lat' dir='ltr'>bellum</span> <span class='ocrx_word' id='word_1_201' title='bbox 770 3486 1115 3551; x_wconf 84' lang='lat' dir='ltr'>decretum</span> <span class='ocrx_word' id='word_1_202' title='bbox 1179 3493 1298 3569; x_wconf 89' lang='lat' dir='ltr'>est,</span> <span class='ocrx_word' id='word_1_203' title='bbox 1362 3485 1776 3551; x_wconf 85' lang='lat' dir='ltr'>Leosthenes</span> <span class='ocrx_word' id='word_1_204' title='bbox 1837 3481 2144 3546; x_wconf 87' lang='lat' dir='ltr'>Athenas</span> <span class='ocrx_word' id='word_1_205' title='bbox 2205 3479 2551 3569; x_wconf 79' lang='lat' dir='ltr'>profectus</span> <span class='ocrx_word' id='word_1_206' title='bbox 2615 3501 2798 3545; x_wconf 85' lang='lat' dir='ltr'>exer-</span> 
     </span>
    </p>
   </div>
   <div class='ocr_carea' id='block_1_4' title="bbox 454 3588 2793 3995">
    <p class='ocr_par' dir='ltr' id='par_1_6' title="bbox 454 3588 2793 3995">
     <span class='ocr_line' id='line_1_29' title="bbox 454 3588 2793 3680; baseline -0.002 -23"><span class='ocrx_word' id='word_1_207' title='bbox 454 3594 618 3657; x_wconf 90' lang='lat' dir='ltr'>citui</span> <span class='ocrx_word' id='word_1_208' title='bbox 684 3592 1090 3679; x_wconf 86' lang='lat' dir='ltr'>praeficitur,</span> <span class='ocrx_word' id='word_1_209' title='bbox 1163 3592 1489 3680; x_wconf 79' lang='lat' dir='ltr'>epistolae</span> <span class='ocrx_word' id='word_1_210' title='bbox 1555 3613 1679 3678; x_wconf 88' lang='lat' dir='ltr'>per</span> <span class='ocrx_word' id='word_1_211' title='bbox 1746 3590 2008 3676; x_wconf 87' lang='lat' dir='ltr'>legatos</span> <span class='ocrx_word' id='word_1_212' title='bbox 2081 3589 2166 3653; x_wconf 91' lang='lat' dir='ltr'>ad</span> <span class='ocrx_word' id='word_1_213' title='bbox 2232 3588 2524 3674; x_wconf 87' lang='lat' dir='ltr'>reliquas</span> <span class='ocrx_word' id='word_1_214' title='bbox 2595 3588 2793 3653; x_wconf 87' lang='lat' dir='ltr'>urbes</span> 
     </span>
     <span class='ocr_line' id='line_1_30' title="bbox 454 3695 2793 3785; baseline -0.002 -20"><span class='ocrx_word' id='word_1_215' title='bbox 454 3701 835 3783; x_wconf 85' lang='lat' dir='ltr'>mittuntur,</span> <span class='ocrx_word' id='word_1_216' title='bbox 897 3722 1064 3785; x_wconf 84' lang='lat' dir='ltr'>quas</span> <span class='ocrx_word' id='word_1_217' title='bbox 1126 3706 1514 3765; x_wconf 87' lang='lat' dir='ltr'>monerent:</span> <span class='ocrx_word' id='word_1_218' title='bbox 1578 3695 1665 3762; x_wconf 73' lang='grc' dir='ltr'>ὅτι</span> <span class='ocrx_word' id='word_1_219' title='bbox 1729 3698 1833 3761; x_wconf 78' lang='grc' dir='ltr'>καὶ</span> <span class='ocrx_word' id='word_1_220' title='bbox 1903 3696 2177 3776; x_wconf 68' lang='grc' dir='ltr'><em>πρότερον</em></span> <span class='ocrx_word' id='word_1_221' title='bbox 2223 3696 2334 3774; x_wconf 75' lang='grc' dir='ltr'>μὲν</span> <span class='ocrx_word' id='word_1_222' title='bbox 2381 3698 2405 3759; x_wconf 76' lang='grc' dir='ltr'><em>ὁ</em></span> <span class='ocrx_word' id='word_1_223' title='bbox 2452 3696 2640 3772; x_wconf 75' lang='grc' dir='ltr'><em>δῆμος</em></span> <span class='ocrx_word' id='word_1_224' title='bbox 2686 3696 2793 3769; x_wconf 70' lang='grc' dir='ltr'>τὴν</span> 
     </span>
     <span class='ocr_line' id='line_1_31' title="bbox 455 3800 2793 3884; baseline -0.002 -14"><span class='ocrx_word' id='word_1_225' title='bbox 455 3804 743 3870; x_wconf 70' lang='grc' dir='ltr'><em>Ἐλλάδα</em></span> <span class='ocrx_word' id='word_1_226' title='bbox 808 3810 1014 3870; x_wconf 68' lang='grc' dir='ltr'><em>πᾶσαν</em></span> <span class='ocrx_word' id='word_1_227' title='bbox 1077 3806 1267 3879; x_wconf 70' lang='grc' dir='ltr'><em>κοινὴν</em></span> <span class='ocrx_word' id='word_1_228' title='bbox 1326 3800 1476 3870; x_wconf 80' lang='grc' dir='ltr'><em>εἶναι</em></span> <span class='ocrx_word' id='word_1_229' title='bbox 1536 3805 1819 3884; x_wconf 79' lang='grc' dir='ltr'><em>πατρίδα</em></span> <span class='ocrx_word' id='word_1_230' title='bbox 1885 3805 2082 3884; x_wconf 80' lang='grc' dir='ltr'><em>κρίνων</em></span> <span class='ocrx_word' id='word_1_231' title='bbox 2143 3808 2257 3868; x_wconf 79' lang='grc' dir='ltr'>τῶν</span> <span class='ocrx_word' id='word_1_232' title='bbox 2307 3802 2610 3876; x_wconf 78' lang='grc' dir='ltr'>Ἑλλήνων</span> <span class='ocrx_word' id='word_1_233' title='bbox 2657 3804 2793 3874; x_wconf 86' lang='grc' dir='ltr'><em>τοὺς</em></span> 
     </span>
     <span class='ocr_line' id='line_1_32' title="bbox 458 3909 2789 3995; baseline -0.001 -19"><span class='ocrx_word' id='word_1_234' title='bbox 458 3913 561 3977; x_wconf 77' lang='grc' dir='ltr'>ἐπὶ</span> <span class='ocrx_word' id='word_1_235' title='bbox 608 3913 847 3995; x_wconf 72' lang='grc' dir='ltr'><em>δουλεία</em></span> <span class='ocrx_word' id='word_1_236' title='bbox 894 3912 1453 3992; x_wconf 69' lang='grc' dir='ltr'><em>στρατευσαμένους</em></span> <span class='ocrx_word' id='word_1_237' title='bbox 1500 3912 1856 3992; x_wconf 73' lang='grc' dir='ltr'><em>βαρβάρους</em></span> <span class='ocrx_word' id='word_1_238' title='bbox 1901 3911 2175 3989; x_wconf 78' lang='grc' dir='ltr'><em>ἠμύνατο</em></span> <span class='ocrx_word' id='word_1_239' title='bbox 2216 3910 2385 3975; x_wconf 74' lang='grc' dir='ltr'><em>κατὰ</em></span> <span class='ocrx_word' id='word_1_240' title='bbox 2428 3909 2789 3985; x_wconf 65' lang='grc' dir='ltr'><em>θαλατταυ,</em></span> 
     </span>
    </p>
   </div>
   <div class='ocr_carea' id='block_1_5' title="bbox 460 4080 880 4087">
    <p class='ocr_par' dir='ltr' id='par_1_7' title="bbox 460 4080 880 4087">
     <span class='ocr_line' id='line_1_33' title="bbox 460 4080 880 4087; baseline 0 0"><span class='ocrx_word' id='word_1_241' title='bbox 460 4080 880 4087; x_wconf 95' lang='lat' dir='ltr'> </span> 
     </span>
    </p>
   </div>
   <div class='ocr_carea' id='block_1_6' title="bbox 509 4173 1581 4509">
    <p class='ocr_par' dir='ltr' id='par_1_8' title="bbox 509 4173 1581 4329">
     <span class='ocr_line' id='line_1_34' title="bbox 509 4173 1581 4242; baseline -0.005 -11"><span class='ocrx_word' id='word_1_242' title='bbox 509 4175 559 4242; x_wconf 84' lang='lat'>1&gt;</span> <span class='ocrx_word' id='word_1_243' title='bbox 596 4177 776 4231; x_wconf 76' lang='lat' dir='ltr'>sustin</span> <span class='ocrx_word' id='word_1_244' title='bbox 815 4177 899 4231; x_wconf 87' lang='lat'>13.</span> <span class='ocrx_word' id='word_1_245' title='bbox 937 4176 985 4229; x_wconf 87' lang='lat'>5.</span> <span class='ocrx_word' id='word_1_246' title='bbox 1026 4176 1075 4228; x_wconf 83' lang='lat'>2.</span> <span class='ocrx_word' id='word_1_247' title='bbox 1115 4175 1273 4229; x_wconf 78' lang='lat' dir='ltr'>Diod.</span> <span class='ocrx_word' id='word_1_248' title='bbox 1315 4173 1402 4227; x_wconf 87' lang='lat'>18.</span> <span class='ocrx_word' id='word_1_249' title='bbox 1445 4174 1493 4228; x_wconf 90' lang='lat'>8.</span> <span class='ocrx_word' id='word_1_250' title='bbox 1533 4176 1581 4228; x_wconf 83' lang='lat'>2.</span> 
     </span>
     <span class='ocr_line' id='line_1_35' title="bbox 511 4264 1057 4329; baseline 0.005 -13"><span class='ocrx_word' id='word_1_251' title='bbox 511 4265 559 4329; x_wconf 84' lang='lat'>2)</span> <span class='ocrx_word' id='word_1_252' title='bbox 596 4265 754 4320; x_wconf 75' lang='lat' dir='ltr'>Diod.</span> <span class='ocrx_word' id='word_1_253' title='bbox 795 4264 879 4318; x_wconf 91' lang='lat'>18.</span> <span class='ocrx_word' id='word_1_254' title='bbox 917 4265 966 4318; x_wconf 83' lang='lat'>9.</span> <span class='ocrx_word' id='word_1_255' title='bbox 1005 4266 1057 4319; x_wconf 83' lang='lat'>2.</span> 
     </span>
    </p>

    <p class='ocr_par' dir='ltr' id='par_1_9' title="bbox 509 4352 1125 4416">
     <span class='ocr_line' id='line_1_36' title="bbox 509 4352 1125 4416; baseline 0.003 -12"><span class='ocrx_word' id='word_1_256' title='bbox 509 4352 558 4416; x_wconf 82' lang='grc'>3)</span> <span class='ocrx_word' id='word_1_257' title='bbox 596 4353 753 4408; x_wconf 75' lang='lat' dir='ltr'>Diod.</span> <span class='ocrx_word' id='word_1_258' title='bbox 795 4355 877 4406; x_wconf 84' lang='lat'>17.</span> <span class='ocrx_word' id='word_1_259' title='bbox 919 4354 1036 4406; x_wconf 91' lang='lat'>111.</span> <span class='ocrx_word' id='word_1_260' title='bbox 1076 4354 1125 4406; x_wconf 87' lang='lat'>3.</span> 
     </span>
    </p>

    <p class='ocr_par' dir='ltr' id='par_1_10' title="bbox 517 4442 1358 4509">
     <span class='ocr_line' id='line_1_37' title="bbox 517 4442 1358 4509; baseline -0.006 -13"><span class='ocrx_word' id='word_1_261' title='bbox 517 4442 565 4509; x_wconf 77' lang='lat'>4)</span> <span class='ocrx_word' id='word_1_262' title='bbox 603 4443 748 4496; x_wconf 80' lang='lat' dir='ltr'>Plut.</span> <span class='ocrx_word' id='word_1_263' title='bbox 789 4444 889 4497; x_wconf 72' lang='lat' dir='ltr'>vit.</span> <span class='ocrx_word' id='word_1_264' title='bbox 928 4444 976 4495; x_wconf 85' lang='lat' dir='ltr'><strong>x</strong></span> <span class='ocrx_word' id='word_1_265' title='bbox 1014 4442 1163 4496; x_wconf 78' lang='lat' dir='ltr'>crat.</span> <span class='ocrx_word' id='word_1_266' title='bbox 1204 4442 1358 4495; x_wconf 65' lang='lat' dir='ltr'>asoa.</span> 
     </span>
    </p>
   </div>
  </div>
 </body>
</html>
