3338 5350
1516 508 1601 572 15

484 701 717 766 Status
761 701 1146 767 Thessaliae
1190 702 1373 767 idem
1426 704 1674 767 mansit
1722 725 1934 790 usque
1982 704 2073 768 ad
2108 726 2361 768 annum
2385 705 2536 768 342.
2584 705 2733 770 Hoc

392 829 573 873 anno
620 831 739 873 rex
782 809 1079 895 primum
1126 811 1482 896 occupavit
1527 810 1726 875 urbes
1749 811 2075 875 Nicaeam
2125 812 2212 875 ad
2249 813 2470 876 sinum
2494 810 2731 876 Malia-

391 935 568 995 cum,
594 937 803 1001 quam
826 915 1061 980 urbem
1085 916 1446 1003 Philippus
1473 938 1651 982 anno
1674 916 1807 981 346
1835 916 2171 982 Thessalis
2195 923 2634 1001 concesserat,
2662 923 2731 982 et

390 1021 728 1086 Echinum
772 1023 845 1107 ¹),
886 1029 1032 1087 tum
1071 1021 1490 1088 Thessaliam
1529 1044 1684 1088 cum
1714 1023 2033 1110 gentibus
2070 1023 2376 1089 finitimis
2401 1024 2637 1089 divisit
2659 1025 2733 1089 in

395 1135 685 1213 quatuor
714 1129 1026 1215 regiones
1053 1151 1339 1215 quarum
1363 1131 1642 1195 nomina
1664 1128 1943 1195 fuerunt
1968 1129 2423 1213 Thessaliotis,
2449 1129 2729 1197 Phthio-

390 1235 500 1318 tis,
544 1235 966 1321 Pelasgiotis,
1011 1236 1440 1318 Hestiaeotis,
1461 1238 1515 1320 2)
1555 1236 1840 1323 perinde
1888 1258 1966 1302 ac
1990 1236 2445 1324 superioribus
2470 1242 2730 1324 tempo-

390 1343 579 1407 ribus
625 1343 1062 1408 dividebatur
1108 1343 1182 1428 ³),
1221 1366 1508 1429 quarum
1553 1344 1836 1407 termini
1862 1350 2090 1408 autem
2115 1344 2388 1409 omnino
2412 1345 2734 1409 constitui

392 1470 531 1513 non
575 1457 859 1538 possunt
895 1449 964 1532 4).
1012 1450 1159 1516 Nec
1182 1457 1415 1516 tamen
1439 1451 1925 1515 decadarchiae
1947 1451 2077 1515 hac
2101 1472 2283 1516 nova
2305 1451 2733 1516 institutione

394 1555 687 1621 abolitae
779 1564 955 1638 sunt,
1028 1556 1372 1644 duplicem
1415 1557 1488 1620 in
1512 1557 1814 1622 ·modum
1861 1557 2146 1644 posthac
2194 1557 2583 1622 Thessaliae
2625 1580 2731 1623 res

395 1662 1068 1746 administrabantur,
1144 1663 1402 1750 duplici
1493 1665 1695 1728 modo
1761 1663 2085 1751 Philippo
2152 1664 2613 1729 inserviebant
2657 1665 2730 1750 5).

394 1767 666 1854 Singuli
709 1770 1090 1835 tetrarchae
1138 1772 1282 1835 sive
1331 1769 1673 1850 στρατηγοὶ
1721 1776 1800 1835 ut
1843 1770 1916 1835 in
1961 1770 2179 1835 titulis
2202 1769 2491 1857 publicis
2517 1772 2729 1836 nomi-

390 1884 645 1941 nantur
687 1875 737 1957 6)
805 1899 941 1943 non
1011 1883 1281 1942 tantum
1348 1877 1632 1963 singulis
1703 1877 2075 1965 provinciis
2135 1878 2506 1965 praepositi
2552 1885 2728 1961 sunt,

394 1985 600 2050 etiam
644 1984 790 2070 tagi
833 1984 1118 2071 posthac
1164 2006 1395 2049 eorum
1445 1985 1763 2072 auspiciis
1807 2006 1914 2048 res
1962 1984 2549 2067 administrabant,
2577 2005 2731 2049 cum

393 2091 479 2155 ab
552 2092 764 2156 altera
821 2097 1017 2178 parte
1076 2092 1420 2156 contiones
1479 2091 1701 2179 plebis
1765 2091 2184 2177 singularum
2244 2090 2515 2155 urbium
2559 2090 2735 2155 nihil

392 2199 657 2263 edicere
699 2203 974 2285 possent
1017 2198 1150 2262 nisi
1192 2203 1508 2283 tagorum
1552 2198 1891 2286 auspiciis.
1943 2196 2056 2263 Sic
2104 2198 2287 2262 enim
2333 2197 2733 2262 concludere

389 2304 602 2371 velim
649 2327 731 2370 ex
776 2290 1213 2391 inscriptione
1261 2302 1742 2371 Crannoniana
1784 2328 1988 2393 supra
2010 2304 2292 2370 laudata
2319 2305 2388 2384 ⁷).
2418 2304 2732 2369 Ceterum

389 2412 577 2477 nisus
624 2411 915 2477 Aniano
963 2413 1024 2476 7.
1071 2413 1133 2477 9.
1179 2413 1241 2476 4.
1286 2411 1406 2477 ubi
1452 2411 1703 2477 locutio
1751 2419 1852 2477 est
1896 2413 1982 2477 de
2028 2410 2389 2499 praefectis
2416 2434 2456 2475 a
2477 2432 2638 2497 rege
2660 2412 2733 2475 in

391 2518 739 2584 Thessalia
784 2519 1185 2601 constitutis,
1232 2518 1690 2604 Demosthene
1714 2520 1865 2583 241.
1891 2520 1977 2584 27
2003 2519 2121 2584 ubi
2144 2524 2460 2583 narratur
2495 2523 2735 2582 tetrar-

392 2627 554 2693 chas
571 2648 611 2691 a
628 2625 946 2714 Philippo
964 2625 1355 2692 muneribus
1380 2626 1516 2691 suis
1536 2626 1892 2692 destitutos
1917 2647 2080 2710 esse,
2096 2632 2164 2691 et
2178 2625 2468 2712 Polybio
2482 2626 2542 2689 4.
2567 2625 2671 2689 76.
2691 2628 2733 2689 2

392 2734 512 2799 ubi
559 2732 867 2810 βασιλικοὶ
915 2733 989 2797 in
1034 2733 1381 2797 Thessalia
1427 2739 2059 2816 commemorantur,
2084 2733 2494 2798 contendere
2518 2733 2736 2798 ausim

391 2848 736 2930 praetores
778 2839 930 2904 illos
979 2862 1019 2904 a
1063 2862 1223 2925 rege
1261 2839 1629 2926 provinciis
1663 2840 1801 2904 suis
1825 2839 2243 2927 praepositos
2269 2839 2544 2925 quidem
2571 2861 2733 2922 esse,

392 2957 626 3014 tamen
693 2948 829 3012 suis
892 2946 1207 3033 auspiciis
1251 2947 1480 3011 omnia
1529 2946 1613 3010 ad
1675 2952 1921 3011 nutum
1972 2953 2041 3011 et
2086 2946 2512 3011 voluntatem
2555 2946 2736 3032 regis

396 3057 915 3122 administrasse.
968 3052 1313 3130 Quantum
1359 3060 1645 3141 apparet
1666 3051 2049 3118 tetrarchae
2088 3052 2191 3116 illi
2230 3053 2411 3117 cives
2451 3051 2733 3118 Thessa-

391 3163 508 3227 lici
545 3161 822 3228 fuerunt
860 3160 931 3246 8),
973 3168 1041 3226 et
1084 3160 1241 3226 licet
1286 3159 1646 3247 Philippus
1691 3158 2047 3224 Thessalos
2093 3159 2305 3224 socios
2344 3181 2497 3225 suos
2521 3160 2734 3224 nomi-

393 3277 512 3334 net
537 3269 607 3353 9),
649 3278 880 3335 tamen
918 3269 1116 3356 juxta
1163 3268 1298 3333 alia
1336 3268 1512 3353 jura,
1564 3267 1772 3332 etiam
1804 3266 1917 3351 jus
1956 3266 2381 3353 percutiendi
2426 3287 2735 3331 nummos

445 3484 495 3551 1)
531 3485 814 3539 Demosth.
856 3484 974 3537 120.
1012 3484 1047 3536 3
1084 3487 1140 3537 et
1176 3482 1346 3538 schol.
1384 3483 1470 3537 ad.
1508 3484 1561 3536 h.
1600 3482 1635 3537 l.

444 3575 496 3641 2)
529 3574 933 3643 Harpocration
969 3572 1245 3635 τετραρχία
1282 3573 1348 3626 cf.
1391 3573 1573 3628 Strab.
1612 3572 1735 3626 430.

446 3662 496 3730 3)
531 3662 700 3717 Kuhn
734 3661 819 3716 98.

446 3752 496 3817 4)
537 3752 738 3808 Strabo
776 3752 898 3807 433.
937 3752 1080 3802 Οὕτω
1116 3749 1167 3800 δὲ
1205 3752 1464 3813 συμβαίνει
1501 3752 1615 3808 τοὺς
1648 3751 1775 3812 ὅρους
1811 3752 1902 3802 καὶ
1940 3751 2035 3809 τὰς
2070 3747 2323 3811 συντάξεις
2356 3755 2451 3799 τῶν
2485 3768 2545 3800 τε
2580 3748 2737 3803 ἐθνῶν

392 3843 481 3893 καὶ
519 3849 614 3892 τῶν
650 3845 808 3892 τόπων
845 3828 1220 3894 ἀλλάττεσθαι’
1243 3840 1332 3890 ἀεί.

443 3931 492 3999 5)
528 3932 811 3986 Demosth.
852 3930 971 3985 117.
1011 3930 1079 3983 26
1133 3930 1221 3980 καὶ
1265 3934 1566 3995 τετραρχίας
1587 3929 1890 3987 κατέστησεν
1920 3931 2002 3979 ἵνα
2021 3933 2090 3993 μὴ
2111 3933 2251 3992 μόνον
2271 3933 2404 3980 κατὰ
2422 3931 2589 3989 πόλεις
2606 3928 2740 3977 ἀλλὰ

389 4023 481 4073 καὶ
520 4020 636 4070 κατ’
671 4017 797 4078 ’ἔθνη
834 4017 1125 4070 δουλεύωσιν.

444 4109 496 4176 6)
537 4110 717 4165 Cauer
753 4110 892 4163 400.-

444 4200 491 4266 7)
530 4199 665 4253 Ibid.
722 4199 1141 4265 (Evpoevoe)76vvoc
1175 4206 1290 4251 τοῦν
1336 4198 1790 4266 Πε(λασγιουτάουν
1900 4240 1911 4250 .
1952 4196 2297 4266 ταγευόν)τουν
2339 4238 2349 4248 .
2374 4238 2384 4251 .
2409 4237 2421 4249 .
2459 4194 2616 4257 ’ἔδοξε
2651 4200 2741 4245 τοῦ

382 4268 548 4339 ’κοινοῦ
584 4293 680 4344 τᾶς
716 4291 891 4346 πόλιος.

441 4379 489 4447 8)
528 4378 811 4432 Demosth.
850 4379 969 4431 241.
1008 4380 1091 4433 27.
1130 4380 1250 4433 324.
1289 4378 1337 4432 8.

442 4469 494 4537 9)
526 4467 809 4522 Demosth.
849 4467 966 4521 159.
1006 4468 1090 4521 26.
