<?xml version="1.0" encoding="UTF-8"?>
<!DOCTYPE html PUBLIC "-//W3C//DTD XHTML 1.0 Transitional//EN"
    "http://www.w3.org/TR/xhtml1/DTD/xhtml1-transitional.dtd">
<html xmlns="http://www.w3.org/1999/xhtml" xml:lang="en" lang="en">
 <head>
  <title>
</title>
<meta http-equiv="Content-Type" content="text/html;charset=utf-8" />
  <meta name='ocr-system' content='tesseract 3.04.00' />
  <meta name='ocr-capabilities' content='ocr_page ocr_carea ocr_par ocr_line ocrx_word'/>
</head>
<body>
  <div class='ocr_page' id='page_1' title='image "./definibusregnim01breegoog_0085.png"; bbox 0 0 3338 5350; ppageno 0'>
   <div class='ocr_carea' id='block_1_1' title="bbox 1515 517 1611 581">
    <p class='ocr_par' dir='ltr' id='par_1_1' title="bbox 1515 517 1611 581">
     <span class='ocr_line' id='line_1_1' title="bbox 1515 517 1611 581; baseline -0.01 0"><span class='ocrx_word' id='word_1_1' title='bbox 1515 517 1611 581; x_wconf 84' lang='lat'>45</span> 
     </span>
    </p>
   </div>
   <div class='ocr_carea' id='block_1_2' title="bbox 393 711 2735 1227">
    <p class='ocr_par' dir='ltr' id='par_1_2' title="bbox 393 711 2735 1227">
     <span class='ocr_line' id='line_1_2' title="bbox 395 711 2734 799; baseline 0.001 -23"><span class='ocrx_word' id='word_1_2' title='bbox 395 712 810 799; x_wconf 82' lang='lat' dir='ltr'>„Freiwillig</span> <span class='ocrx_word' id='word_1_3' title='bbox 877 712 1299 798; x_wconf 87' lang='lat' dir='ltr'>beigetreten</span> <span class='ocrx_word' id='word_1_4' title='bbox 1369 735 1511 778; x_wconf 90' lang='lat' dir='ltr'>war</span> <span class='ocrx_word' id='word_1_5' title='bbox 1569 711 1732 798; x_wconf 89' lang='lat' dir='ltr'>jede</span> <span class='ocrx_word' id='word_1_6' title='bbox 1802 713 2004 778; x_wconf 83' lang='lat' dir='ltr'>Stadt</span> <span class='ocrx_word' id='word_1_7' title='bbox 2073 713 2328 778; x_wconf 81' lang='lat' dir='ltr'>welche</span> <span class='ocrx_word' id='word_1_8' title='bbox 2373 713 2562 778; x_wconf 91' lang='lat' dir='ltr'>nicht</span> <span class='ocrx_word' id='word_1_9' title='bbox 2609 715 2734 779; x_wconf 90' lang='lat' dir='ltr'>mit</span> 
     </span>
     <span class='ocr_line' id='line_1_3' title="bbox 394 817 2733 906; baseline 0.001 -23"><span class='ocrx_word' id='word_1_10' title='bbox 394 817 672 904; x_wconf 84' lang='lat' dir='ltr'>„Sturm</span> <span class='ocrx_word' id='word_1_11' title='bbox 714 841 1122 905; x_wconf 85' lang='lat' dir='ltr'>genommen</span> <span class='ocrx_word' id='word_1_12' title='bbox 1167 842 1328 884; x_wconf 88' lang='lat' dir='ltr'>war.</span> <span class='ocrx_word' id='word_1_13' title='bbox 1384 819 1516 884; x_wconf 89' lang='lat' dir='ltr'>Die</span> <span class='ocrx_word' id='word_1_14' title='bbox 1561 818 2080 906; x_wconf 84' lang='lat' dir='ltr'>Freiwilligkeit</span> <span class='ocrx_word' id='word_1_15' title='bbox 2127 821 2244 885; x_wconf 90' lang='lat' dir='ltr'>des</span> <span class='ocrx_word' id='word_1_16' title='bbox 2295 820 2733 886; x_wconf 88' lang='lat' dir='ltr'>Anschlusses</span> 
     </span>
     <span class='ocr_line' id='line_1_4' title="bbox 393 925 2733 1011; baseline 0.001 -20"><span class='ocrx_word' id='word_1_17' title='bbox 393 948 527 1011; x_wconf 86' lang='lat' dir='ltr'>„an</span> <span class='ocrx_word' id='word_1_18' title='bbox 596 927 796 991; x_wconf 91' lang='lat' dir='ltr'>einen</span> <span class='ocrx_word' id='word_1_19' title='bbox 856 926 1059 991; x_wconf 90' lang='lat' dir='ltr'>Bund</span> <span class='ocrx_word' id='word_1_20' title='bbox 1130 926 1219 991; x_wconf 86' lang='lat' dir='ltr'>ist</span> <span class='ocrx_word' id='word_1_21' title='bbox 1288 926 1499 991; x_wconf 87' lang='lat' dir='ltr'>daher</span> <span class='ocrx_word' id='word_1_22' title='bbox 1562 925 1660 991; x_wconf 89' lang='lat' dir='ltr'>als</span> <span class='ocrx_word' id='word_1_23' title='bbox 1709 926 2044 992; x_wconf 87' lang='lat' dir='ltr'>Merkmal</span> <span class='ocrx_word' id='word_1_24' title='bbox 2091 929 2274 992; x_wconf 90' lang='lat' dir='ltr'>eines</span> <span class='ocrx_word' id='word_1_25' title='bbox 2326 934 2733 993; x_wconf 89' lang='lat' dir='ltr'>autonomen</span> 
     </span>
     <span class='ocr_line' id='line_1_5' title="bbox 393 1031 2735 1121; baseline 0.001 -24"><span class='ocrx_word' id='word_1_26' title='bbox 393 1033 969 1120; x_wconf 84' lang='lat' dir='ltr'>„Bundesstaates</span> <span class='ocrx_word' id='word_1_27' title='bbox 1062 1055 1198 1098; x_wconf 90' lang='lat' dir='ltr'>von</span> <span class='ocrx_word' id='word_1_28' title='bbox 1289 1032 1481 1098; x_wconf 86' lang='lat' dir='ltr'><strong>mehr</strong></span> <span class='ocrx_word' id='word_1_29' title='bbox 1570 1031 2053 1099; x_wconf 88' lang='lat' dir='ltr'>theoretischer</span> <span class='ocrx_word' id='word_1_30' title='bbox 2141 1033 2241 1098; x_wconf 91' lang='lat' dir='ltr'>als</span> <span class='ocrx_word' id='word_1_31' title='bbox 2322 1034 2735 1121; x_wconf 86' lang='lat' dir='ltr'>practischer</span> 
     </span>
     <span class='ocr_line' id='line_1_6' title="bbox 395 1139 912 1227; baseline 0 -23"><span class='ocrx_word' id='word_1_32' title='bbox 395 1139 912 1227; x_wconf 84' lang='lat' dir='ltr'>„Bedeutung.&#39;⁷</span> 
     </span>
    </p>
   </div>
   <div class='ocr_carea' id='block_1_3' title="bbox 383 1245 2734 1547">
    <p class='ocr_par' dir='ltr' id='par_1_3' title="bbox 383 1245 2734 1547">
     <span class='ocr_line' id='line_1_7' title="bbox 477 1245 2734 1334; baseline 0.001 -23"><span class='ocrx_word' id='word_1_33' title='bbox 477 1245 791 1311; x_wconf 83' lang='lat' dir='ltr'>Ceterum</span> <span class='ocrx_word' id='word_1_34' title='bbox 839 1245 1063 1311; x_wconf 84' lang='lat' dir='ltr'>facere</span> <span class='ocrx_word' id='word_1_35' title='bbox 1109 1269 1247 1312; x_wconf 91' lang='lat' dir='ltr'>non</span> <span class='ocrx_word' id='word_1_36' title='bbox 1283 1267 1639 1334; x_wconf 88' lang='lat' dir='ltr'>possumus</span> <span class='ocrx_word' id='word_1_37' title='bbox 1683 1247 1849 1333; x_wconf 89' lang='lat' dir='ltr'>quin</span> <span class='ocrx_word' id='word_1_38' title='bbox 1873 1247 2320 1312; x_wconf 74' lang='lat' dir='ltr'><strong>assentiamur</strong></span> <span class='ocrx_word' id='word_1_39' title='bbox 2342 1248 2734 1313; x_wconf 88' lang='lat' dir='ltr'>societatem</span> 
     </span>
     <span class='ocr_line' id='line_1_8' title="bbox 383 1353 2734 1441; baseline 0.001 -23"><span class='ocrx_word' id='word_1_40' title='bbox 383 1353 693 1441; x_wconf 85' lang='lat' dir='ltr'>Philippi</span> <span class='ocrx_word' id='word_1_41' title='bbox 742 1354 1117 1441; x_wconf 79' lang='lat' dir='ltr'>explevisse</span> <span class='ocrx_word' id='word_1_42' title='bbox 1162 1376 1394 1419; x_wconf 86' lang='lat' dir='ltr'>omnes</span> <span class='ocrx_word' id='word_1_43' title='bbox 1440 1353 1881 1436; x_wconf 77' lang='lat' dir='ltr'>conditioneS,</span> <span class='ocrx_word' id='word_1_44' title='bbox 1930 1376 2104 1440; x_wconf 89' lang='lat' dir='ltr'>quae</span> <span class='ocrx_word' id='word_1_45' title='bbox 2151 1353 2456 1419; x_wconf 77' lang='lat' dir='ltr'>societati</span> <span class='ocrx_word' id='word_1_46' title='bbox 2479 1354 2734 1420; x_wconf 82' lang='lat' dir='ltr'>liberae</span> 
     </span>
     <span class='ocr_line' id='line_1_9' title="bbox 383 1459 2728 1547; baseline 0 -21"><span class='ocrx_word' id='word_1_47' title='bbox 383 1459 863 1526; x_wconf 72' lang='lat' dir='ltr'>attribuendae</span> <span class='ocrx_word' id='word_1_48' title='bbox 910 1466 1086 1541; x_wconf 86' lang='lat' dir='ltr'>sunt,</span> <span class='ocrx_word' id='word_1_49' title='bbox 1158 1482 1333 1547; x_wconf 84' lang='lat' dir='ltr'>quae</span> <span class='ocrx_word' id='word_1_50' title='bbox 1403 1461 1532 1525; x_wconf 92' lang='lat' dir='ltr'>hoc</span> <span class='ocrx_word' id='word_1_51' title='bbox 1600 1460 1838 1525; x_wconf 87' lang='lat' dir='ltr'>ordine</span> <span class='ocrx_word' id='word_1_52' title='bbox 1885 1460 2359 1526; x_wconf 87' lang='lat' dir='ltr'>describuntur</span> <span class='ocrx_word' id='word_1_53' title='bbox 2408 1483 2448 1525; x_wconf 88' lang='lat' dir='ltr'>a</span> <span class='ocrx_word' id='word_1_54' title='bbox 2495 1473 2583 1526; x_wconf 89' lang='lat' dir='ltr'>v0.</span> <span class='ocrx_word' id='word_1_55' title='bbox 2636 1462 2728 1526; x_wconf 88' lang='lat' dir='ltr'>d0.</span> 
     </span>
    </p>
   </div>
   <div class='ocr_carea' id='block_1_4' title="bbox 380 1567 938 1655">
    <p class='ocr_par' dir='ltr' id='par_1_4' title="bbox 380 1567 938 1655">
     <span class='ocr_line' id='line_1_10' title="bbox 380 1567 938 1655; baseline 0.002 -24"><span class='ocrx_word' id='word_1_56' title='bbox 380 1567 632 1633; x_wconf 89' lang='lat' dir='ltr'>Busolt</span> <span class='ocrx_word' id='word_1_57' title='bbox 674 1590 739 1655; x_wconf 87' lang='lat' dir='ltr'>p.</span> <span class='ocrx_word' id='word_1_58' title='bbox 790 1567 938 1634; x_wconf 82' lang='lat'><strong>658.</strong></span> 
     </span>
    </p>
   </div>
   <div class='ocr_carea' id='block_1_5' title="bbox 466 1724 2730 2669">
    <p class='ocr_par' dir='ltr' id='par_1_5' title="bbox 479 1724 1767 1812">
     <span class='ocr_line' id='line_1_11' title="bbox 479 1724 1767 1812; baseline 0.002 -22"><span class='ocrx_word' id='word_1_59' title='bbox 479 1729 537 1791; x_wconf 92' lang='lat'>1.</span> <span class='ocrx_word' id='word_1_60' title='bbox 590 1727 687 1792; x_wconf 90' lang='lat' dir='ltr'>Ut</span> <span class='ocrx_word' id='word_1_61' title='bbox 722 1724 891 1791; x_wconf 87' lang='lat' dir='ltr'>fines</span> <span class='ocrx_word' id='word_1_62' title='bbox 938 1728 1271 1793; x_wconf 89' lang='lat' dir='ltr'>sociorum</span> <span class='ocrx_word' id='word_1_63' title='bbox 1315 1728 1566 1812; x_wconf 86' lang='lat' dir='ltr'>integri</span> <span class='ocrx_word' id='word_1_64' title='bbox 1611 1728 1767 1792; x_wconf 84' lang='lat' dir='ltr'>sint.</span> 
     </span>
    </p>

    <p class='ocr_par' dir='ltr' id='par_1_6' title="bbox 469 1832 2040 1902">
     <span class='ocr_line' id='line_1_12' title="bbox 469 1832 2040 1902; baseline 0.002 -6"><span class='ocrx_word' id='word_1_65' title='bbox 469 1834 538 1897; x_wconf 79' lang='lat'>2.</span> <span class='ocrx_word' id='word_1_66' title='bbox 587 1832 683 1899; x_wconf 88' lang='lat' dir='ltr'>Ut</span> <span class='ocrx_word' id='word_1_67' title='bbox 730 1835 865 1898; x_wconf 91' lang='lat' dir='ltr'>suis</span> <span class='ocrx_word' id='word_1_68' title='bbox 910 1834 1451 1900; x_wconf 72' lang='lat' dir='ltr'>institutionibus</span> <span class='ocrx_word' id='word_1_69' title='bbox 1498 1833 1815 1900; x_wconf 88' lang='lat' dir='ltr'>fruantur</span> <span class='ocrx_word' id='word_1_70' title='bbox 1861 1836 2040 1902; x_wconf 91' lang='lat' dir='ltr'>socii.</span> 
     </span>
    </p>

    <p class='ocr_par' dir='ltr' id='par_1_7' title="bbox 470 1938 2730 2113">
     <span class='ocr_line' id='line_1_13' title="bbox 470 1938 2730 2030; baseline 0.002 -27"><span class='ocrx_word' id='word_1_71' title='bbox 470 1941 537 2004; x_wconf 89' lang='lat'>3.</span> <span class='ocrx_word' id='word_1_72' title='bbox 585 1938 680 2004; x_wconf 82' lang='lat' dir='ltr'>Ut</span> <span class='ocrx_word' id='word_1_73' title='bbox 726 1962 830 2005; x_wconf 88' lang='lat' dir='ltr'>res</span> <span class='ocrx_word' id='word_1_74' title='bbox 878 1963 1051 2023; x_wconf 73' lang='lat' dir='ltr'>suae,</span> <span class='ocrx_word' id='word_1_75' title='bbox 1122 1962 1296 2026; x_wconf 86' lang='lat' dir='ltr'>quae</span> <span class='ocrx_word' id='word_1_76' title='bbox 1365 1942 1759 2008; x_wconf 86' lang='lat' dir='ltr'>societatem</span> <span class='ocrx_word' id='word_1_77' title='bbox 1827 1964 1968 2008; x_wconf 91' lang='lat' dir='ltr'>non</span> <span class='ocrx_word' id='word_1_78' title='bbox 2014 1945 2381 2030; x_wconf 85' lang='lat' dir='ltr'>attingunt,</span> <span class='ocrx_word' id='word_1_79' title='bbox 2430 1943 2561 2030; x_wconf 89' lang='lat' dir='ltr'>ipsi</span> <span class='ocrx_word' id='word_1_80' title='bbox 2611 1945 2730 2009; x_wconf 87' lang='lat' dir='ltr'>ad-</span> 
     </span>
     <span class='ocr_line' id='line_1_14' title="bbox 586 2047 993 2113; baseline -0.002 -1"><span class='ocrx_word' id='word_1_81' title='bbox 586 2047 993 2113; x_wconf 86' lang='lat' dir='ltr'>ministrent.</span> 
     </span>
    </p>

    <p class='ocr_par' dir='ltr' id='par_1_8' title="bbox 467 2153 2727 2433">
     <span class='ocr_line' id='line_1_15' title="bbox 467 2153 2726 2243; baseline 0.002 -26"><span class='ocrx_word' id='word_1_82' title='bbox 467 2155 535 2218; x_wconf 85' lang='lat'>4.</span> <span class='ocrx_word' id='word_1_83' title='bbox 590 2153 682 2220; x_wconf 90' lang='lat' dir='ltr'>Ut</span> <span class='ocrx_word' id='word_1_84' title='bbox 739 2154 822 2219; x_wconf 92' lang='lat' dir='ltr'>iis</span> <span class='ocrx_word' id='word_1_85' title='bbox 885 2155 1170 2220; x_wconf 81' lang='lat' dir='ltr'>decretis</span> <span class='ocrx_word' id='word_1_86' title='bbox 1222 2155 1538 2220; x_wconf 86' lang='lat' dir='ltr'>intersint</span> <span class='ocrx_word' id='word_1_87' title='bbox 1586 2177 1762 2241; x_wconf 87' lang='lat' dir='ltr'>quae</span> <span class='ocrx_word' id='word_1_88' title='bbox 1812 2156 1896 2221; x_wconf 90' lang='lat' dir='ltr'>de</span> <span class='ocrx_word' id='word_1_89' title='bbox 1943 2156 2118 2221; x_wconf 86' lang='lat' dir='ltr'>bello</span> <span class='ocrx_word' id='word_1_90' title='bbox 2162 2178 2239 2221; x_wconf 90' lang='lat' dir='ltr'>ac</span> <span class='ocrx_word' id='word_1_91' title='bbox 2283 2178 2451 2243; x_wconf 86' lang='lat' dir='ltr'>pace</span> <span class='ocrx_word' id='word_1_92' title='bbox 2494 2164 2726 2242; x_wconf 86' lang='lat' dir='ltr'>agunt,</span> 
     </span>
     <span class='ocr_line' id='line_1_16' title="bbox 585 2262 2727 2330; baseline 0.001 -5"><span class='ocrx_word' id='word_1_93' title='bbox 585 2268 663 2325; x_wconf 93' lang='lat' dir='ltr'>ut</span> <span class='ocrx_word' id='word_1_94' title='bbox 705 2262 1106 2326; x_wconf 87' lang='lat' dir='ltr'>auctoritate</span> <span class='ocrx_word' id='word_1_95' title='bbox 1152 2284 1274 2327; x_wconf 89' lang='lat' dir='ltr'>sua</span> <span class='ocrx_word' id='word_1_96' title='bbox 1320 2262 1597 2327; x_wconf 86' lang='lat' dir='ltr'>valeant</span> <span class='ocrx_word' id='word_1_97' title='bbox 1652 2264 1726 2327; x_wconf 92' lang='lat' dir='ltr'>in</span> <span class='ocrx_word' id='word_1_98' title='bbox 1772 2263 1974 2329; x_wconf 89' lang='lat' dir='ltr'>rebus</span> <span class='ocrx_word' id='word_1_99' title='bbox 2051 2265 2391 2330; x_wconf 86' lang='lat' dir='ltr'>societatis</span> <span class='ocrx_word' id='word_1_100' title='bbox 2440 2264 2727 2328; x_wconf 85' lang='lat' dir='ltr'>admini-</span> 
     </span>
     <span class='ocr_line' id='line_1_17' title="bbox 586 2368 899 2433; baseline 0.006 -2"><span class='ocrx_word' id='word_1_101' title='bbox 586 2368 899 2433; x_wconf 87' lang='lat' dir='ltr'>strandis.</span> 
     </span>
    </p>

    <p class='ocr_par' dir='ltr' id='par_1_9' title="bbox 466 2475 1435 2541">
     <span class='ocr_line' id='line_1_18' title="bbox 466 2475 1435 2541; baseline 0.001 -1"><span class='ocrx_word' id='word_1_102' title='bbox 466 2476 534 2540; x_wconf 80' lang='lat'>5.</span> <span class='ocrx_word' id='word_1_103' title='bbox 583 2475 681 2540; x_wconf 89' lang='lat' dir='ltr'>Ut</span> <span class='ocrx_word' id='word_1_104' title='bbox 717 2476 990 2540; x_wconf 90' lang='lat' dir='ltr'>tributis</span> <span class='ocrx_word' id='word_1_105' title='bbox 1041 2476 1242 2541; x_wconf 83' lang='lat' dir='ltr'>vacui</span> <span class='ocrx_word' id='word_1_106' title='bbox 1283 2477 1435 2541; x_wconf 91' lang='lat' dir='ltr'>sint.</span> 
     </span>
    </p>

    <p class='ocr_par' dir='ltr' id='par_1_10' title="bbox 470 2582 1876 2669">
     <span class='ocr_line' id='line_1_19' title="bbox 470 2582 1876 2669; baseline 0.003 -22"><span class='ocrx_word' id='word_1_107' title='bbox 470 2583 535 2647; x_wconf 88' lang='lat'>6.</span> <span class='ocrx_word' id='word_1_108' title='bbox 585 2582 682 2648; x_wconf 89' lang='lat' dir='ltr'>Ut</span> <span class='ocrx_word' id='word_1_109' title='bbox 728 2588 971 2669; x_wconf 86' lang='lat' dir='ltr'>sponte</span> <span class='ocrx_word' id='word_1_110' title='bbox 1015 2583 1325 2649; x_wconf 89' lang='lat' dir='ltr'>societati</span> <span class='ocrx_word' id='word_1_111' title='bbox 1370 2583 1676 2669; x_wconf 86' lang='lat' dir='ltr'>adjuncti</span> <span class='ocrx_word' id='word_1_112' title='bbox 1723 2586 1876 2651; x_wconf 86' lang='lat' dir='ltr'>sint.</span> 
     </span>
    </p>
   </div>
   <div class='ocr_carea' id='block_1_6' title="bbox 365 2734 2730 3576">
    <p class='ocr_par' dir='ltr' id='par_1_11' title="bbox 365 2734 2730 3576">
     <span class='ocr_line' id='line_1_20' title="bbox 468 2734 2729 2827; baseline 0.003 -27"><span class='ocrx_word' id='word_1_113' title='bbox 468 2734 610 2800; x_wconf 85' lang='lat' dir='ltr'>Sed</span> <span class='ocrx_word' id='word_1_114' title='bbox 656 2734 1093 2800; x_wconf 86' lang='lat' dir='ltr'>nihilominus</span> <span class='ocrx_word' id='word_1_115' title='bbox 1118 2736 1405 2801; x_wconf 83' lang='lat' dir='ltr'>Graecia</span> <span class='ocrx_word' id='word_1_116' title='bbox 1450 2737 1772 2826; x_wconf 90' lang='lat' dir='ltr'>Philippo</span> <span class='ocrx_word' id='word_1_117' title='bbox 1807 2738 2110 2825; x_wconf 86' lang='lat' dir='ltr'>subjecta</span> <span class='ocrx_word' id='word_1_118' title='bbox 2133 2747 2280 2805; x_wconf 88' lang='lat' dir='ltr'>erat</span> <span class='ocrx_word' id='word_1_119' title='bbox 2306 2740 2394 2827; x_wconf 75' lang='grc'>1);</span> <span class='ocrx_word' id='word_1_120' title='bbox 2444 2742 2729 2807; x_wconf 88' lang='lat' dir='ltr'>auctori-</span> 
     </span>
     <span class='ocr_line' id='line_1_21' title="bbox 372 2841 2730 2932; baseline 0.003 -27"><span class='ocrx_word' id='word_1_121' title='bbox 372 2848 523 2906; x_wconf 81' lang='lat' dir='ltr'>tate</span> <span class='ocrx_word' id='word_1_122' title='bbox 586 2841 944 2930; x_wconf 88' lang='lat' dir='ltr'>Philippus</span> <span class='ocrx_word' id='word_1_123' title='bbox 1015 2844 1244 2909; x_wconf 91' lang='lat' dir='ltr'>omnia</span> <span class='ocrx_word' id='word_1_124' title='bbox 1331 2867 1799 2932; x_wconf 88' lang='lat' dir='ltr'>quaecumque</span> <span class='ocrx_word' id='word_1_125' title='bbox 1888 2846 2106 2911; x_wconf 89' lang='lat' dir='ltr'>voluit</span> <span class='ocrx_word' id='word_1_126' title='bbox 2196 2854 2537 2913; x_wconf 86' lang='lat' dir='ltr'>assecutus</span> <span class='ocrx_word' id='word_1_127' title='bbox 2609 2855 2730 2932; x_wconf 88' lang='lat' dir='ltr'>est,</span> 
     </span>
     <span class='ocr_line' id='line_1_22' title="bbox 372 2949 2728 3041; baseline 0.003 -28"><span class='ocrx_word' id='word_1_128' title='bbox 372 2969 564 3013; x_wconf 88' lang='lat' dir='ltr'>nunc</span> <span class='ocrx_word' id='word_1_129' title='bbox 633 2949 1002 3033; x_wconf 89' lang='lat' dir='ltr'>suadend0‚</span> <span class='ocrx_word' id='word_1_130' title='bbox 1060 2972 1241 3015; x_wconf 90' lang='lat' dir='ltr'>nunc</span> <span class='ocrx_word' id='word_1_131' title='bbox 1304 2952 1374 3015; x_wconf 88' lang='lat' dir='ltr'>vi</span> <span class='ocrx_word' id='word_1_132' title='bbox 1437 2954 1903 3039; x_wconf 84' lang='lat' dir='ltr'>extorquendo</span> <span class='ocrx_word' id='word_1_133' title='bbox 1947 2954 2016 3036; x_wconf 84' lang='lat'>2),</span> <span class='ocrx_word' id='word_1_134' title='bbox 2087 2975 2210 3041; x_wconf 88' lang='lat' dir='ltr'>per</span> <span class='ocrx_word' id='word_1_135' title='bbox 2278 2954 2728 3041; x_wconf 87' lang='lat' dir='ltr'>speculatores</span> 
     </span>
     <span class='ocr_line' id='line_1_23' title="bbox 370 3055 2729 3149; baseline 0.003 -30"><span class='ocrx_word' id='word_1_136' title='bbox 370 3055 841 3121; x_wconf 86' lang='lat' dir='ltr'>instruebatur</span> <span class='ocrx_word' id='word_1_137' title='bbox 911 3057 1239 3142; x_wconf 88' lang='lat' dir='ltr'>quidnam</span> <span class='ocrx_word' id='word_1_138' title='bbox 1302 3058 1425 3123; x_wconf 91' lang='lat' dir='ltr'>sibi</span> <span class='ocrx_word' id='word_1_139' title='bbox 1490 3057 1880 3124; x_wconf 86' lang='lat' dir='ltr'>faciendum</span> <span class='ocrx_word' id='word_1_140' title='bbox 1946 3068 2119 3125; x_wconf 91' lang='lat' dir='ltr'>esset</span> <span class='ocrx_word' id='word_1_141' title='bbox 2149 3062 2217 3144; x_wconf 82' lang='lat'>3).</span> <span class='ocrx_word' id='word_1_142' title='bbox 2314 3062 2729 3149; x_wconf 80' lang='lat' dir='ltr'>Compendio</span> 
     </span>
     <span class='ocr_line' id='line_1_24' title="bbox 369 3162 2729 3254; baseline 0.003 -28"><span class='ocrx_word' id='word_1_143' title='bbox 369 3164 442 3227; x_wconf 89' lang='lat' dir='ltr'>id</span> <span class='ocrx_word' id='word_1_144' title='bbox 494 3162 765 3227; x_wconf 86' lang='lat' dir='ltr'>curavit</span> <span class='ocrx_word' id='word_1_145' title='bbox 836 3171 913 3227; x_wconf 91' lang='lat' dir='ltr'>ut</span> <span class='ocrx_word' id='word_1_146' title='bbox 960 3162 1167 3230; x_wconf 87' lang='lat' dir='ltr'>factio</span> <span class='ocrx_word' id='word_1_147' title='bbox 1234 3166 1514 3252; x_wconf 88' lang='lat' dir='ltr'>politica</span> <span class='ocrx_word' id='word_1_148' title='bbox 1560 3166 1688 3231; x_wconf 89' lang='lat' dir='ltr'>sibi</span> <span class='ocrx_word' id='word_1_149' title='bbox 1751 3168 2071 3233; x_wconf 89' lang='lat' dir='ltr'>devincta</span> <span class='ocrx_word' id='word_1_150' title='bbox 2130 3169 2202 3231; x_wconf 94' lang='lat' dir='ltr'>in</span> <span class='ocrx_word' id='word_1_151' title='bbox 2249 3190 2516 3254; x_wconf 87' lang='lat' dir='ltr'>quaque</span> <span class='ocrx_word' id='word_1_152' title='bbox 2564 3169 2729 3234; x_wconf 87' lang='lat' dir='ltr'>urbe</span> 
     </span>
     <span class='ocr_line' id='line_1_25' title="bbox 370 3269 2728 3361; baseline 0.003 -28"><span class='ocrx_word' id='word_1_153' title='bbox 370 3269 684 3357; x_wconf 88' lang='lat' dir='ltr'>superior</span> <span class='ocrx_word' id='word_1_154' title='bbox 728 3277 920 3353; x_wconf 83' lang='lat' dir='ltr'>esset&#39;,</span> <span class='ocrx_word' id='word_1_155' title='bbox 970 3294 1076 3336; x_wconf 84' lang='lat' dir='ltr'>res</span> <span class='ocrx_word' id='word_1_156' title='bbox 1126 3273 1210 3337; x_wconf 91' lang='lat' dir='ltr'>ad</span> <span class='ocrx_word' id='word_1_157' title='bbox 1262 3295 1454 3337; x_wconf 88' lang='lat' dir='ltr'>suam</span> <span class='ocrx_word' id='word_1_158' title='bbox 1504 3273 1872 3339; x_wconf 88' lang='lat' dir='ltr'>utilitatem</span> <span class='ocrx_word' id='word_1_159' title='bbox 1916 3275 2437 3341; x_wconf 84' lang='lat' dir='ltr'>administraret.</span> <span class='ocrx_word' id='word_1_160' title='bbox 2490 3277 2728 3361; x_wconf 82' lang='lat' dir='ltr'>[taque</span> 
     </span>
     <span class='ocr_line' id='line_1_26' title="bbox 366 3375 2726 3470; baseline 0.003 -31"><span class='ocrx_word' id='word_1_161' title='bbox 366 3398 497 3463; x_wconf 87' lang='lat' dir='ltr'>per</span> <span class='ocrx_word' id='word_1_162' title='bbox 544 3375 877 3441; x_wconf 83' lang='lat' dir='ltr'>factiones</span> <span class='ocrx_word' id='word_1_163' title='bbox 948 3400 1091 3443; x_wconf 89' lang='lat' dir='ltr'>sese</span> <span class='ocrx_word' id='word_1_164' title='bbox 1158 3379 1230 3443; x_wconf 91' lang='lat' dir='ltr'>in</span> <span class='ocrx_word' id='word_1_165' title='bbox 1275 3379 1563 3445; x_wconf 83' lang='lat' dir='ltr'>Graecia</span> <span class='ocrx_word' id='word_1_166' title='bbox 1630 3381 1973 3464; x_wconf 86' lang='lat' dir='ltr'>sustinuit,</span> <span class='ocrx_word' id='word_1_167' title='bbox 2021 3384 2396 3470; x_wconf 84' lang='lat' dir='ltr'>necessario</span> <span class='ocrx_word' id='word_1_168' title='bbox 2444 3381 2726 3447; x_wconf 88' lang='lat' dir='ltr'>alteram</span> 
     </span>
     <span class='ocr_line' id='line_1_27' title="bbox 365 3475 2346 3576; baseline 0.004 -29"><span class='ocrx_word' id='word_1_169' title='bbox 365 3490 644 3570; x_wconf 88' lang='lat' dir='ltr'>partem</span> <span class='ocrx_word' id='word_1_170' title='bbox 681 3483 935 3548; x_wconf 85' lang='lat' dir='ltr'>civium</span> <span class='ocrx_word' id='word_1_171' title='bbox 985 3485 1264 3551; x_wconf 84' lang='lat' dir='ltr'>alterius</span> <span class='ocrx_word' id='word_1_172' title='bbox 1315 3488 1725 3553; x_wconf 90' lang='lat' dir='ltr'>detrimento</span> <span class='ocrx_word' id='word_1_173' title='bbox 1776 3489 1967 3553; x_wconf 87' lang='lat' dir='ltr'>auxit</span> <span class='ocrx_word' id='word_1_174' title='bbox 1994 3487 2065 3576; x_wconf 83' lang='lat'>4).</span> <span class='ocrx_word' id='word_1_175' title='bbox 2341 3475 2346 3482; x_wconf 23' lang='grc' dir='ltr'><strong>Δ</strong></span> 
     </span>
    </p>
   </div>
   <div class='ocr_carea' id='block_1_7' title="bbox 1358 3706 1781 3715">
    <p class='ocr_par' dir='ltr' id='par_1_12' title="bbox 1358 3706 1781 3715">
     <span class='ocr_line' id='line_1_28' title="bbox 1358 3706 1781 3715; baseline 0 1635"><span class='ocrx_word' id='word_1_176' title='bbox 1358 3706 1781 3715; x_wconf 95' lang='lat' dir='ltr'> </span> 
     </span>
    </p>
   </div>
   <div class='ocr_carea' id='block_1_8' title="bbox 373 3871 804 3878">
    <p class='ocr_par' dir='ltr' id='par_1_13' title="bbox 373 3871 804 3878">
     <span class='ocr_line' id='line_1_29' title="bbox 373 3871 804 3878; baseline 0 1472"><span class='ocrx_word' id='word_1_177' title='bbox 373 3871 804 3878; x_wconf 95' lang='lat' dir='ltr'> </span> 
     </span>
    </p>
   </div>
   <div class='ocr_carea' id='block_1_9' title="bbox 359 3939 2723 4085">
    <p class='ocr_par' dir='ltr' id='par_1_14' title="bbox 359 3939 2723 4085">
     <span class='ocr_line' id='line_1_30' title="bbox 416 3939 2723 4010; baseline 0.002 -17"><span class='ocrx_word' id='word_1_178' title='bbox 416 3940 467 4008; x_wconf 78' lang='grc'>1)</span> <span class='ocrx_word' id='word_1_179' title='bbox 509 3939 693 3994; x_wconf 81' lang='lat' dir='ltr'>Schol.</span> <span class='ocrx_word' id='word_1_180' title='bbox 750 3940 1035 3994; x_wconf 78' lang='lat' dir='ltr'>Demosth.</span> <span class='ocrx_word' id='word_1_181' title='bbox 1094 3940 1211 3994; x_wconf 78' lang='lat'><strong>255.</strong></span> <span class='ocrx_word' id='word_1_182' title='bbox 1258 3941 1336 3993; x_wconf 82' lang='lat'>12.</span> <span class='ocrx_word' id='word_1_183' title='bbox 1375 3941 1501 4002; x_wconf 70' lang='grc' dir='ltr'>ὅμως</span> <span class='ocrx_word' id='word_1_184' title='bbox 1537 3939 1706 4003; x_wconf 79' lang='grc' dir='ltr'><strong><em>μέντοι</em></strong></span> <span class='ocrx_word' id='word_1_185' title='bbox 1746 3939 2003 3993; x_wconf 70' lang='grc' dir='ltr'><strong><em>ὑπακούειν</em></strong></span> <span class='ocrx_word' id='word_1_186' title='bbox 2042 3944 2178 4008; x_wconf 68' lang='grc' dir='ltr'>αὐτῷ</span> <span class='ocrx_word' id='word_1_187' title='bbox 2216 3943 2304 3994; x_wconf 68' lang='grc' dir='ltr'>καὶ</span> <span class='ocrx_word' id='word_1_188' title='bbox 2339 3950 2476 3996; x_wconf 74' lang='grc' dir='ltr'>κατὰ</span> <span class='ocrx_word' id='word_1_189' title='bbox 2505 3951 2599 4010; x_wconf 74' lang='grc' dir='ltr'>γῆν</span> <span class='ocrx_word' id='word_1_190' title='bbox 2636 3948 2723 3998; x_wconf 67' lang='grc' dir='ltr'>καὶ</span> 
     </span>
     <span class='ocr_line' id='line_1_31' title="bbox 359 4027 1458 4085; baseline 0.005 -5"><span class='ocrx_word' id='word_1_191' title='bbox 359 4031 506 4079; x_wconf 73' lang='grc' dir='ltr'>κατὰ</span> <span class='ocrx_word' id='word_1_192' title='bbox 540 4027 826 4082; x_wconf 69' lang='grc' dir='ltr'>θάλατταν.</span> <span class='ocrx_word' id='word_1_193' title='bbox 863 4029 1069 4083; x_wconf 84' lang='lat' dir='ltr'>Aelian.</span> <span class='ocrx_word' id='word_1_194' title='bbox 1110 4030 1167 4084; x_wconf 87' lang='lat' dir='ltr'>V.</span> <span class='ocrx_word' id='word_1_195' title='bbox 1208 4030 1273 4082; x_wconf 91' lang='lat' dir='ltr'>H.</span> <span class='ocrx_word' id='word_1_196' title='bbox 1317 4031 1366 4084; x_wconf 89' lang='grc'>6.</span> <span class='ocrx_word' id='word_1_197' title='bbox 1407 4032 1458 4085; x_wconf 85' lang='grc'>1.</span> 
     </span>
    </p>
   </div>
   <div class='ocr_carea' id='block_1_10' title="bbox 364 4117 2718 4546">
    <p class='ocr_par' dir='ltr' id='par_1_15' title="bbox 414 4117 1077 4187">
     <span class='ocr_line' id='line_1_32' title="bbox 414 4117 1077 4187; baseline 0.005 -18"><span class='ocrx_word' id='word_1_198' title='bbox 414 4118 465 4187; x_wconf 83' lang='grc'>2)</span> <span class='ocrx_word' id='word_1_199' title='bbox 504 4117 792 4172; x_wconf 82' lang='lat' dir='ltr'>Demosth.</span> <span class='ocrx_word' id='word_1_200' title='bbox 829 4118 953 4171; x_wconf 84' lang='lat'><strong>218.</strong></span> <span class='ocrx_word' id='word_1_201' title='bbox 991 4119 1077 4172; x_wconf 90' lang='lat'>10.</span> 
     </span>
    </p>

    <p class='ocr_par' dir='ltr' id='par_1_16' title="bbox 415 4206 2262 4284">
     <span class='ocr_line' id='line_1_33' title="bbox 415 4206 2262 4284; baseline 0.004 -26"><span class='ocrx_word' id='word_1_202' title='bbox 415 4206 468 4269; x_wconf 84' lang='grc'>3)</span> <span class='ocrx_word' id='word_1_203' title='bbox 508 4206 796 4260; x_wconf 85' lang='lat' dir='ltr'>Demosth.</span> <span class='ocrx_word' id='word_1_204' title='bbox 839 4207 958 4260; x_wconf 84' lang='lat'><strong>219.</strong></span> <span class='ocrx_word' id='word_1_205' title='bbox 1000 4208 1084 4262; x_wconf 74' lang='lat'>25.</span> <span class='ocrx_word' id='word_1_206' title='bbox 2261 4281 2262 4284; x_wconf 7' lang='grc' dir='ltr'><strong>Ἴ</strong></span> 
     </span>
    </p>

    <p class='ocr_par' dir='ltr' id='par_1_17' title="bbox 364 4295 2718 4546">
     <span class='ocr_line' id='line_1_34' title="bbox 414 4295 2718 4371; baseline 0.004 -23"><span class='ocrx_word' id='word_1_207' title='bbox 414 4295 465 4359; x_wconf 78' lang='grc'>4)</span> <span class='ocrx_word' id='word_1_208' title='bbox 508 4295 576 4348; x_wconf 87' lang='lat' dir='ltr'>cf.</span> <span class='ocrx_word' id='word_1_209' title='bbox 635 4312 699 4349; x_wconf 82' lang='lat' dir='ltr'>ea</span> <span class='ocrx_word' id='word_1_210' title='bbox 734 4313 877 4362; x_wconf 84' lang='lat' dir='ltr'>quae</span> <span class='ocrx_word' id='word_1_211' title='bbox 916 4296 1133 4365; x_wconf 88' lang='lat' dir='ltr'>scripsit</span> <span class='ocrx_word' id='word_1_212' title='bbox 1170 4298 1429 4353; x_wconf 86' lang='lat' dir='ltr'>Schaefer</span> <span class='ocrx_word' id='word_1_213' title='bbox 1466 4300 1516 4353; x_wconf 79' lang='lat'>3.</span> <span class='ocrx_word' id='word_1_214' title='bbox 1557 4299 1626 4352; x_wconf 82' lang='lat'>58</span> <span class='ocrx_word' id='word_1_215' title='bbox 1665 4300 1733 4354; x_wconf 85' lang='lat' dir='ltr'>de</span> <span class='ocrx_word' id='word_1_216' title='bbox 1770 4301 1875 4355; x_wconf 87' lang='lat' dir='ltr'>hac</span> <span class='ocrx_word' id='word_1_217' title='bbox 1913 4318 1988 4355; x_wconf 89' lang='lat' dir='ltr'>re.</span> <span class='ocrx_word' id='word_1_218' title='bbox 2032 4301 2231 4355; x_wconf 85' lang='lat' dir='ltr'>Justin.</span> <span class='ocrx_word' id='word_1_219' title='bbox 2277 4303 2326 4356; x_wconf 91' lang='lat'>8.</span> <span class='ocrx_word' id='word_1_220' title='bbox 2369 4304 2416 4357; x_wconf 89' lang='lat'>1.</span> <span class='ocrx_word' id='word_1_221' title='bbox 2457 4304 2506 4356; x_wconf 88' lang='lat'>3.</span> <span class='ocrx_word' id='word_1_222' title='bbox 2552 4303 2718 4371; x_wconf 87' lang='lat' dir='ltr'>„dum</span> 
     </span>
     <span class='ocr_line' id='line_1_35' title="bbox 364 4384 2717 4462; baseline 0.005 -24"><span class='ocrx_word' id='word_1_223' title='bbox 364 4384 785 4452; x_wconf 82' lang='lat' dir='ltr'>„contentiones</span> <span class='ocrx_word' id='word_1_224' title='bbox 842 4385 1149 4439; x_wconf 84' lang='lat' dir='ltr'>civitatium</span> <span class='ocrx_word' id='word_1_225' title='bbox 1199 4388 1296 4440; x_wconf 87' lang='lat' dir='ltr'>alit</span> <span class='ocrx_word' id='word_1_226' title='bbox 1335 4388 1605 4441; x_wconf 80' lang='lat' dir='ltr'>auxilium</span> <span class='ocrx_word' id='word_1_227' title='bbox 1631 4389 1979 4444; x_wconf 86' lang='lat' dir='ltr'>inferioribus</span> <span class='ocrx_word' id='word_1_228' title='bbox 2021 4390 2264 4452; x_wconf 82' lang='lat' dir='ltr'>ferendo,</span> <span class='ocrx_word' id='word_1_229' title='bbox 2304 4392 2480 4446; x_wconf 77' lang='lat' dir='ltr'>victor</span> <span class='ocrx_word' id='word_1_230' title='bbox 2511 4392 2717 4462; x_wconf 86' lang='lat' dir='ltr'>pariter</span> 
     </span>
     <span class='ocr_line' id='line_1_36' title="bbox 364 4473 1864 4546; baseline 0.002 -19"><span class='ocrx_word' id='word_1_231' title='bbox 364 4473 752 4541; x_wconf 79' lang='lat' dir='ltr'>,victoresque</span> <span class='ocrx_word' id='word_1_232' title='bbox 793 4474 975 4527; x_wconf 86' lang='lat' dir='ltr'>subire</span> <span class='ocrx_word' id='word_1_233' title='bbox 1017 4475 1227 4544; x_wconf 87' lang='lat' dir='ltr'>regiam</span> <span class='ocrx_word' id='word_1_234' title='bbox 1266 4475 1588 4530; x_wconf 82' lang='lat' dir='ltr'>servitutem</span> <span class='ocrx_word' id='word_1_235' title='bbox 1627 4477 1864 4546; x_wconf 78' lang='lat' dir='ltr'>coegit.&#39;’</span> 
     </span>
    </p>
   </div>
  </div>
 </body>
</html>
