3338 5350
1576 492 1661 557 73

445 689 703 776 „rum”.
749 687 977 752 Verba
1027 686 1431 773 „vectigalia
1469 692 1537 751 et
1582 685 1905 767 tributa'’‚
1947 687 2183 751 eodem
2224 692 2528 772 tempore
2551 685 2782 772 fruges

436 796 875 883 praediorum
924 800 994 859 et
1035 794 1294 859 tributa
1337 793 1848 880 provinciarum
1896 792 2215 881 amplecti
2262 793 2603 861 videntur.

536 899 817 967 Summa
887 908 1113 966 autem
1196 900 1483 986 triginta
1550 899 1817 965 milium
1908 900 2320 985 talentorum
2401 881 2539 965 non
2606 900 2784 965 male

438 1009 754 1095 congruit
794 1030 950 1073 cum
994 1008 1123 1072 hac
1167 1029 1260 1091 re,
1323 1008 1506 1093 quod
1554 1028 1733 1072 anno
1782 1008 1913 1071 315
1959 1006 2293 1092 Antigoni
2337 1007 2616 1089 reditus,
2667 1008 2784 1093 qui

435 1122 609 1180 tunc
652 1121 865 1180 totam
912 1114 1149 1179 Asiam
1186 1113 1315 1178 sibi
1361 1112 1669 1197 subjecit,
1719 1114 2035 1178 undecim
2072 1112 2344 1179 milibus
2369 1113 2781 1180 talentorum

436 1221 855 1286 taxabantur
875 1221 944 1295 1).
1015 1218 1342 1285 Thesauri
1407 1220 1581 1306 regii
1649 1241 1774 1307 per
1838 1220 2234 1284 universum
2301 1242 2588 1303 regnum
2651 1221 2784 1286 dis-

434 1329 625 1416 persi
695 1333 905 1393 erant.
1020 1328 1300 1395 Justum
1367 1348 1616 1392 nomen
1687 1325 1820 1390 fuit
1890 1325 2358 1406 γοιζοφυλακία.
2479 1329 2785 1392 Fuerunt

436 1434 719 1500 castella
770 1456 973 1520 quam
1027 1434 1324 1499 maxime
1383 1434 1667 1515 munita,
1736 1432 1981 1519 quibus
2027 1434 2314 1519 singulis
2359 1435 2783 1522 praepositus

437 1548 590 1606 erat
656 1548 878 1606 custos
947 1540 1295 1628 pecuniae,
1369 1547 1439 1605 et
1483 1539 1869 1627 praefectus
1931 1540 2264 1623 militaris,
2314 1541 2557 1627 quibus
2604 1543 2784 1607 servi

436 1655 513 1714 et
580 1648 829 1712 milites
895 1647 1254 1712 necessarii
1303 1647 1390 1712 ad
1442 1645 1796 1712 castellum
1869 1646 2377 1713 defendendum
2439 1654 2507 1713 et
2575 1648 2783 1714 fidem

432 1755 849 1821 servandam
914 1760 1184 1842 praesto
1257 1759 1451 1819 erant
1473 1754 1547 1828 2).
1642 1754 1751 1818 Ex
1815 1753 2151 1819 thesauris
2194 1761 2445 1821 'autem
2496 1778 2783 1841 quorum

399 1908 416 1913 -
432 1861 766 1928 memoria
813 1867 1107 1927 aetatem
1150 1861 1312 1926 tulit
1354 1861 1758 1927 nominandi
1806 1866 2004 1926 sunt:

536 2026 618 2088 10.
670 2022 858 2088 Susa.
929 2021 1013 2086 In
1059 2021 1187 2086 hoc
1234 2021 1552 2086 thesauro
1601 2019 1996 2087 Alexander
2052 2045 2228 2089 anno
2269 2025 2395 2088 331
2448 2024 2781 2111 quinqua-

661 2129 855 2215 ginta
898 2128 1088 2193 milia
1133 2127 1549 2194 talentorum
1594 2128 1861 2194 invenit
1888 2128 1959 2215 ³).

530 2238 621 2302 2⁰.
669 2235 987 2321 Babylon
1010 2235 1079 2317 4).

529 2347 617 2411 30.
664 2342 1059 2431 Persepolis,
1130 2342 1240 2408 Ab
1310 2343 1704 2409 Alexandro
1773 2343 2079 2411 sublatus
2143 2351 2275 2426 est;
2348 2345 2476 2409 hoc
2515 2365 2783 2430 quoque

659 2450 807 2516 loco
853 2451 1355 2536 quinquaginta
1398 2449 1590 2515 milia
1634 2450 2043 2516 talentorum
2087 2451 2354 2516 invenit
2375 2449 2449 2537 5).

526 2559 621 2628 40.
667 2558 1101 2644 Pasargadae
1171 2558 1386 2645 (apud
1434 2555 1744 2627 Curtium
1793 2556 2270 2645 Persagadae).
2354 2557 2445 2625 Ut
2512 2559 2785 2623 videtur

662 2664 870 2730 etiam
913 2665 997 2730 ab
1046 2663 1435 2732 Alexandro
1483 2663 1829 2748 sublatus3
1878 2664 2020 2729 illic
2059 2672 2287 2731 autem
2319 2666 2587 2731 invenit
2609 2665 2783 2730 6000

663 2771 997 2837 talentum
1022 2775 1094 2847 6).

531 2880 622 2943 50.
670 2878 1042 2944 Ecbatana.

528 3040 856 3105 Thesauri
923 3040 1301 3127 Babylone,
1404 3041 1590 3110 Susis
1663 3050 1733 3109 et
1799 3041 2169 3107 Ecbatanis
2258 3043 2564 3130 profecto
2657 3043 2779 3108 sub

423 3147 830 3212 Alexandro
872 3148 1188 3214 ditissimi
1237 3156 1303 3214 et
1349 3151 1702 3238 praecipui
1748 3149 2059 3232 fuerunt3
2103 3149 2527 3234 Babylonem
2555 3155 2780 3214 autem

424 3262 646 3341 caput
690 3255 884 3340 regni
933 3255 1395 3323 destinaverat
1418 3252 1489 3341 ⁷),
1544 3258 1672 3324 hoc
1732 3258 1880 3323 loco
1922 3256 2263 3343 Harpalus
2312 3265 2535 3322 custos
2580 3278 2780 3342 pecu—

423 3362 592 3426 niae
639 3362 1042 3427 constitutus
1093 3371 1213 3447 est,
1262 3365 1379 3451 qui
1426 3387 1706 3430 munere
1752 3387 1872 3430 suo
1909 3363 2308 3452 perfunctus
2355 3370 2456 3427 est
2494 3363 2653 3427 inde
2696 3363 2780 3427 ab

482 3647 537 3710 1)
575 3646 734 3701 Diod.
786 3648 869 3702 19.
909 3647 993 3701 56.
1035 3650 1084 3701 ὃ.

483 3737 539 3803 2)
578 3737 643 3789 cf.
684 3736 913 3794 Curtius
954 3737 1002 3792 5.
1045 3738 1093 3790 2.
1138 3740 1204 3792 16
1236 3757 1353 3807 sqq.

484 3825 780 3889 3JStrab0
839 3827 985 3894 7313
1031 3828 1242 3883 Arrian.
1294 3830 1343 3883 3.
1385 3829 1466 3882 16.
1507 3830 1561 3894 7;
1603 3829 1762 3883 Diod.
1804 3829 1887 3883 17.
1924 3829 2009 3882 66.
2049 3830 2096 3882 2.
2139 3830 2291 3884 Curt.
2331 3831 2379 3883 5.
2417 3831 2468 3883 2.
2512 3831 2594 3884 11.
2634 3831 2778 3886 Plut.

424 3916 589 3970 Alex.
629 3915 713 3968 36.

481 4003 536 4064 4)
580 4004 778 4059 Strabo
818 4006 888 4060 l.l.
1543 4021 1554 4032 ·

481 4093 537 4159 5)
577 4094 721 4147 Plut.
779 4095 932 4149 Alex.
990 4096 1074 4149 37.
1130 4098 1188 4150 cf
1224 4096 1428 4151 Strabo
1470 4097 1601 4166 7283
1641 4099 1857 4152 Arrian.
1904 4099 1953 4152 3.
1994 4099 2077 4152 18.
2120 4098 2217 4162 103
2258 4098 2578 4153 Secundum
2617 4099 2779 4153 Diod.

424 4184 516 4238 17.
582 4183 666 4236 71.
725 4184 755 4237 1
812 4188 867 4238 et
924 4184 1149 4240 Curtius
1185 4186 1233 4238 5.
1276 4185 1325 4238 6.
1366 4185 1414 4238 9.
1471 4187 1785 4241 Alexander
1843 4188 1908 4242 iis
1945 4189 1999 4241 in
2041 4189 2176 4242 locis
2217 4189 2422 4243 invenit
2460 4191 2685 4242 centum
2725 4191 2780 4244 ct

421 4273 631 4343 viginti
666 4273 816 4328 milia
853 4275 1208 4329 talentorum.

479 4363 535 4423 6)
578 4362 728 4415 Curt.
767 4363 814 4416 5.
856 4364 904 4416 6.
951 4363 1033 4417 10.
1072 4364 1284 4419 Arrian.
1329 4366 1378 4418 3.
1419 4367 1487 4420 18
1545 4367 1628 4422 10.

478 4453 531 4519 7)
571 4450 775 4505 Strabo
821 4452 939 4506 731.
