3338 5350
1496 528 1622 592 123

475 723 713 809 Neque
783 724 1002 809 magis
1094 722 1434 811 perhiberi
1505 729 1748 810 potest,
1840 723 2267 809 Antigonum
2350 721 2462 806 jus
2532 744 2727 787 suum

390 830 634 895 summi
679 830 947 918 imperii
993 830 1506 895 administrandi
1558 830 1682 895 niti
1729 830 2021 895 voluisse
2070 831 2404 915 dignitate
2449 830 2729 914 strategi

388 937 826 1002 autocratoris
894 935 1133 1018 Asiae;
1228 958 1448 1022 neque
1541 937 1723 1002 enim
1806 936 1970 1024 ipse,
2049 958 2271 1022 neque
2340 934 2516 1001 filius
2584 934 2729 1021 ejus

387 1044 774 1109 Demetrius
835 1042 1101 1128 juribus
1171 1044 1304 1108 suis
1373 1043 1649 1109 modum
1719 1042 1939 1108 fecere
2006 1043 2241 1108 Asiam
2288 1049 2556 1107 tantum
2604 1042 2730 1107 sibi

385 1151 820 1232 vindicandO,
885 1150 1001 1215 sed
1069 1158 1224 1238 post
1292 1172 1544 1214 anuum
1614 1151 1746 1214 316
1827 1150 2109 1237 perinde
2190 1150 2261 1213 in
2333 1148 2733 1214 Macedonia

388 1279 657 1343 quoque
704 1263 771 1321 et
819 1256 1103 1322 Graecia
1158 1279 1237 1321 ea
1282 1256 1569 1321 diversis
1613 1256 1834 1321 modis
1885 1263 1953 1321 et
1974 1256 2392 1343 temporibus
2416 1256 2730 1343 persequi

387 1364 611 1429 conati
657 1371 851 1445 sunt3
900 1386 1121 1450 neque
1167 1365 1388 1428 minus
1453 1370 1689 1451 utpote
1751 1370 2086 1449 strategus
2136 1369 2519 1428 autocrator
2565 1362 2732 1428 obli-

258 1461 264 1469 ’
385 1478 585 1556 gatus
654 1469 912 1554 fuisset,
981 1478 1059 1535 ut
1126 1472 1456 1536 rationem
1526 1470 1842 1536 redderet
1909 1470 1996 1534 de
2063 1470 2363 1558 pecuniis
2426 1492 2467 1534 a
2512 1491 2583 1534 se
2625 1492 2729 1534 ex·

385 1579 638 1665 pensis·
660 1578 727 1657 1).

475 1686 640 1750 Post
685 1684 1034 1773 Antipatri
1080 1693 1365 1751 mortem
1427 1685 1815 1771 Antigonus
1876 1685 2229 1750 contendit
2273 1706 2343 1749 se
2391 1706 2533 1749 esse
2580 1684 2727 1748 uni-

387 1813 540 1857 cum
585 1791 968 1878 legitimum
1013 1793 1445 1880 epimeletam
1492 1814 1753 1878 regum,
1793 1813 2263 1877 summumque
2308 1789 2729 1878 praefectum

386 1899 592 1964 totius
639 1900 908 1987 imperii
957 1922 1112 1965 cum
1164 1900 1237 1964 in
1282 1900 1471 1982 Asia,
1532 1906 1682 1964 tum
1728 1900 1801 1963 in
1846 1899 2139 1985 Europa.
2230 1897 2383 1963 Hac
2426 1919 2499 1962 re
2546 1900 2730 1963 nisus

385 2007 457 2070 in
501 2005 666 2072 Asia
711 2006 974 2071 Minore
1022 2013 1329 2094 satrapas
1382 2008 1465 2072 ad
1516 2028 1587 2071 se
1631 2007 1705 2070 in
1747 2006 1860 2090 jus
1907 2007 2181 2071 vocavit
2249 2005 2331 2094 (e.
2380 2027 2447 2091 g.
2494 2005 2729 2071 Arrhi-

387 2113 634 2178 daeum
676 2112 1023 2200 Phrygiae
1066 2114 1391 2196 Minoris),
1437 2113 1687 2178 multos
1734 2111 1901 2177 alios
1946 2134 2225 2177 munere
2271 2111 2536 2197 dejecit,
2565 2111 2728 2177 alios

385 2219 662 2302 creavit,
733 2220 1083 2287 thesauros
1161 2221 1433 2308 imperii
1501 2221 1586 2285 ad
1679 2242 1833 2285 suas
1904 2221 2335 2286 necessitates
2400 2219 2727 2301 exhausit,

386 2326 743 2413 Babylone
811 2335 1092 2394 conatus
1160 2334 1262 2393 est
1330 2349 1571 2413 cogere
1643 2327 2003 2393 Seleucum
2069 2327 2352 2392 reddere
2396 2328 2731 2393 rationem

388 2436 570 2522 apud
617 2457 687 2500 se
710 2436 829 2519 (a⁰.
880 2437 1055 2520 316),
1103 2434 1285 2500 bella
1328 2436 1540 2521 gessit
1582 2456 1740 2500 cum
1785 2434 2164 2500 Cassandro
2204 2441 2273 2498 et
2317 2433 2728 2500 Ptolemaeo,

474 2541 623 2607 Hoc
689 2542 874 2607 idem
932 2541 1045 2628 jus
1117 2550 1237 2626 est,
1309 2565 1443 2628 quo
1511 2542 1901 2628 Antigonus
1973 2564 2143 2629 pace
2212 2543 2373 2606 anni
2421 2543 2547 2606 311
2588 2565 2731 2607 sese

388 2648 753 2732 abdicavit,
804 2650 922 2715 sed
975 2650 1154 2736 quod
1204 2651 1428 2716 denuo
1466 2649 1805 2737 flagrante
1852 2648 2031 2715 bello
2080 2648 2209 2714 sibi
2256 2671 2483 2715 rursus
2508 2649 2732 2715 vindi-

387 2756 588 2840 cavit,
659 2758 844 2843 quod
914 2756 1094 2822 filius
1164 2757 1309 2844 ejus
1377 2757 1764 2823 Demetrius
1835 2757 1920 2822 ab
1985 2779 2063 2822 eo
2132 2758 2427 2844 accepit3
2494 2778 2629 2843 quo
2675 2757 2731 2821 is

385 2863 569 2928 nisus
613 2870 715 2927 est
758 2885 911 2928 cum
950 2871 1186 2951 postea
1232 2887 1411 2930 anno
1458 2865 1589 2929 306
1625 2865 1815 2950 regio
1860 2863 2062 2929 titulo
2087 2887 2127 2928 a
2149 2870 2345 2951 patre
2387 2870 2731 2951 assumpto

385 2970 646 3055 regiam
694 2970 1100 3055 dignitatem
1140 2971 1395 3036 nullius
1419 2971 1833 3057 reliquorum
1858 2971 2345 3037 diadochorum
2369 2993 2733 3058 agnoscere

387 3075 698 3160 voluerit,
767 3077 974 3142 immo
1044 3076 1157 3143 vel
1226 3079 1300 3143 in
1347 3077 1722 3143 ludibrium
1767 3079 2047 3143 verterit
2071 3074 2141 3160 2).
2234 3079 2399 3144 Post
2443 3084 2729 3143 mortem

384 3182 978 3271 Polysperchontis
1023 3184 1410 3271 Antigonus
1458 3190 1527 3248 et
1571 3191 1726 3271 post
1775 3205 1930 3248 eum
1969 3183 2149 3248 filius
2175 3185 2316 3249 eius
2350 3184 2730 3249 Demetrius

387 3288 567 3354 solus
635 3290 813 3354 inter
880 3289 1250 3356 diadochos
1318 3289 1471 3374 fuit,
1569 3291 1686 3376 qui
1755 3312 1995 3356 revera
2064 3292 2508 3375 contenderit,
2602 3290 2730 3356 sibi

385 3402 641 3460 certam
685 3417 977 3480 causam,
1027 3397 1338 3482 quamvis
1379 3396 1695 3481 debilem,
1738 3419 1901 3481 esse,
1933 3394 2052 3463 cur
2089 3398 2404 3463 universo
2446 3399 2730 3486 imperio

390 3502 611 3567 domin
621 3508 866 3568 aretur.

476 3607 664 3686 Quae
710 3631 864 3674 cum
907 3610 1006 3675 ita
1039 3610 1177 3675 sint
1219 3611 1381 3675 inde
1428 3611 1513 3676 ab
1562 3634 1742 3677 anno
1794 3614 1926 3677 316
1973 3613 2416 3699 Antigonum,
2466 3619 2535 3677 et
2578 3619 2734 3700 post

388 3737 543 3780 eum
588 3715 808 3780 filium
852 3716 1278 3793 Demetrium
1322 3717 1750 3785 Poliorceten
1798 3742 2239 3805 agnoscamus
2304 3725 2381 3784 ut
2425 3720 2730 3785 vindices

386 3828 456 3887 et
499 3829 1037 3910 propugnatores
1107 3825 1402 3890 notionis
1470 3826 1740 3913 imperii
1807 3826 2228 3893 Macedonici
2291 3847 2561 3891 necesse
2608 3833 2729 3910 est,

388 3928 445 3993 si
492 3930 694 3995 modo
741 3931 826 3995 de
873 3930 992 3997 illo
1037 3931 1321 4020 imperio
1393 3932 1614 3998 adhuc
1674 3933 1864 4019 loqui
1910 3933 2087 4017 licet,
2135 3934 2353 4021 primo
2394 3956 2549 3998 cum
2592 3955 2729 3998 non

388 4035 676 4123 amplius
721 4036 870 4124 ipso
916 4036 1101 4104 facto
1148 4041 1482 4120 existeret,
1530 4042 1647 4105 sed
1697 4042 2054 4106 dumtaxat
2092 4041 2424 4106 desiderio
2473 4047 2539 4105 et
2578 4039 2731 4126 jure

387 4142 625 4208 horum
669 4144 1097 4231 principum3
1165 4152 1232 4210 et
1305 4147 1600 4212 secundo
1664 4170 1819 4213 cum
1872 4148 2244 4213 dominatio
2291 4147 2731 4212 Macedoniae

440 4385 487 4449 1)
523 4387 589 4443 cf.
629 4403 755 4457 pag.
797 4386 883 4440 90.
924 4403 1052 4441 ann.
1091 4388 1141 4441 6.

442 4475 490 4547 2>
525 4477 675 4533 Plut.
712 4477 954 4533 Demetr.
992 4477 1078 4535 25.
