3338 5350
1693 548 1734 612 6

640 745 876 830 Longe
933 744 1213 809 maximi
1256 744 1581 807 momenti
1620 742 1752 807 fuit
1797 743 2119 809 Methone
2164 745 2344 828 urbs,
2396 745 2633 809 eodem
2677 745 2878 810 modo

550 873 685 939 quo
754 852 1019 937 Pydna,
1069 850 1155 914 ab
1191 850 1688 915 Eretriensibus
1736 851 2028 933 condita,
2079 852 2356 916 minime
2403 850 2882 917 confundenda

552 981 706 1023 cum
752 958 1072 1024 Methone
1116 958 1189 1021 in
1235 957 1522 1022 Thracia
1568 956 1637 1040 1).
1687 956 1878 1022 Haec
1899 958 2060 1023 urbs
2083 981 2206 1046 per
2230 960 2458 1024 omnia
2481 958 2663 1024 bella
2685 958 2880 1024 liber-

552 1071 762 1129 tatem
831 1087 1021 1129 suam
1076 1064 1486 1147 vindicavit,
1555 1064 1817 1130 Graeca
1883 1071 1952 1129 et
1997 1065 2101 1129 sui
2153 1065 2325 1151 juris
2370 1068 2620 1130 mansit
2660 1064 2731 1151 2).
2776 1066 2882 1131 De

551 1171 841 1237 Therma
884 1171 1017 1237 alia
1054 1192 1161 1236 res
1198 1170 1350 1235 fuit.
1395 1170 1584 1235 Haec
1608 1193 1876 1257 quoque
1901 1170 2058 1235 urbs
2086 1194 2261 1237 anno
2287 1173 2415 1237 432
2443 1172 2882 1238 Macedonica

550 1278 703 1362 fuit,
749 1278 861 1343 sed
912 1279 1151 1344 eodem
1199 1298 1377 1342 anno
1424 1299 1556 1363 quo
1582 1277 1827 1362 Pydna
1851 1276 2104 1343 frustra
2143 1279 2411 1344 obsessa
2436 1286 2536 1343 est
2561 1279 2645 1344 ab
2671 1278 2880 1344 Athe-

551 1386 914 1469 niensibus,
966 1385 1050 1450 ab
1101 1384 1344 1449 iisdem
1368 1391 1568 1472 capta
1593 1389 1713 1467 est,
1738 1385 2053 1471 pactione
2077 1383 2260 1450 facta
2282 1386 2462 1451 inter
2484 1385 2880 1451 Perdiccam

551 1499 620 1559 et
654 1491 1123 1576 AthenienseS‚
1150 1492 1223 1555 in
1268 1490 1507 1556 horum
1528 1497 1863 1578 potestate
1888 1492 2138 1557 mansit
2162 1492 2234 1579 3).
2281 1491 2415 1557 Hic
2437 1492 2581 1557 fere
2602 1490 2879 1556 nucleus

552 1606 652 1664 est
697 1621 734 1664 e
780 1621 912 1685 quo
961 1599 1084 1663 sub
1131 1597 1453 1685 Philippo
1500 1604 1569 1662 et
1590 1596 1983 1663 Alexandro
2024 1598 2297 1684 regibus
2323 1621 2648 1686 magnum
2671 1600 2879 1686 impe·

548 1706 724 1771 rium
769 1705 1279 1771 Macedonicum
1324 1709 1547 1769 ortum
1599 1711 1719 1769 est.

634 1811 970 1900 Tempora
1038 1817 1265 1877 autem
1333 1833 1507 1897 quae
1568 1818 1941 1898 sequuntur
1985 1834 2273 1898 regnum
2318 1813 2678 1878 Perdiccae
2724 1835 2878 1878 con-

546 1921 779 2007 spicua
825 1925 981 1984 sunt
1028 1918 1241 1983 turbis
1286 1918 1641 2000 intestini8‚
1690 1919 1885 1985 bellis
1931 1920 2111 1984 inter
2153 1920 2419 2005 regulos
2462 1920 2878 1986 diversarum

546 2029 900 2113 regionum
944 2026 1155 2114 ipsius
1192 2025 1407 2111 regni,
1447 2026 1911 2091 invasionibus
1952 2026 2391 2092 barbarorum
2415 2027 2876 2092 finitimorum.

477 2182 485 2189 -
547 2133 917 2199 Archelaus
957 2133 1113 2217 (413
1131 2131 1364 2216 -399)
1392 2131 1667 2217 quidem
1689 2155 1958 2198 omnem
1984 2155 2260 2220 operam
2283 2134 2473 2199 dedit
2493 2140 2572 2199 ut
2593 2155 2879 2218 regnum

548 2263 744 2306 suum
787 2240 1089 2305 firmaret
1125 2238 1195 2322 4),
1245 2239 1475 2303 statim
1524 2246 1680 2326 post
1724 2247 2011 2306 mortem
2059 2240 2202 2326 ejus
2229 2240 2628 2306 Macedonia
2650 2261 2878 2305 rursus

548 2354 797 2414 vexata
863 2353 965 2412 est
1009 2348 1215 2412 suetis
1262 2346 1780 2426 calamitatibus,
1830 2348 2075 2434 quibus
2121 2370 2343 2434 neque
2387 2346 2725 2433 Amyntas
2751 2345 2880 2411 ’ΠΙ

550 2455 950 2541 (390-369)
998 2477 1218 2540 neque
1261 2456 1619 2541 quisquam
1659 2476 2113 2520 successorum
2137 2455 2280 2540 ejus
2302 2455 2509 2520 finem
2531 2456 2879 2542 imponere

546 2562 789 2648 potuit,
865 2562 1078 2627 donec
1138 2562 1419 2627 tandem
1478 2560 1836 2649 Philippus
1907 2561 1981 2627 Π
2039 2561 2384 2648 Amyntae
2430 2562 2609 2627 filius
2656 2584 2879 2626 rerum

548 2669 804 2757 potitus
855 2674 972 2735 est.

1256 3014 1295 3092 g
1342 3008 1406 3076 2.
1477 3007 1787 3093 Philippus
1832 3008 1901 3077 et
1944 2963 2159 3092 illyria.

637 3203 808 3271 Cum
876 3203 1232 3292 Philippus
1304 3226 1591 3290 regnum
1656 3205 1830 3288 iniit,
1899 3210 2046 3269 tota
2127 3204 2529 3270 Macedonia
2575 3205 2659 3269 ad
2727 3226 2875 3291 per-

544 3312 792 3378 niciem
872 3333 1082 3397 usque
1165 3312 1566 3377 conturbata
1641 3310 1776 3376 fuit
1856 3312 2070 3377 turbis
2139 3311 2476 3376 intestinis
2544 3319 2614 3375 et
2680 3310 2876 3376 bellis

542 3419 951 3505 regulorum,
997 3439 1151 3482 cum
1196 3418 1432 3484 eodem
1474 3425 1779 3505 tempore
1822 3417 2042 3504 Illyrii
2086 3417 2270 3482 haud
2316 3419 2878 3483 contemnendam

544 3534 809 3614 partem
854 3526 1048 3610 regni
1093 3532 1487 3611 occupatam
1533 3532 1602 3590 et
1640 3525 1769 3590 sibi
1808 3525 2180 3610 subjectam
2208 3523 2537 3589 haberent
2566 3525 2635 3609 5),
2661 3525 2870 3590 Paeo—

546 3654 665 3696 nes
712 3652 908 3717 agros
953 3631 1081 3695 sibi
1117 3630 1437 3698 finitimos
1455 3630 1766 3696 omnibus
1791 3632 2005 3697 modis
2027 3637 2355 3697 vexarent
2376 3628 2451 3716 6).
2480 3632 2629 3697 Non
2654 3631 2871 3697 solum

545 3736 1025 3823 Lyncestidem
1068 3737 1288 3822 Illyrii
1331 3739 1771 3826 occupatione
1815 3739 2158 3822 tenebant,
2210 3740 2414 3805 etiam
2458 3762 2615 3826 pars
2648 3738 2868 3803 Mace-

544 3844 784 3910 doniae
829 3843 1175 3910 Inferioris
1218 3845 1301 3911 iis
1339 3845 1642 3931 subjecta
1666 3852 1829 3910 erat.
1877 3845 2211 3912 Diodorus
2240 3847 2422 3943 enim
2443 3845 2744 3933 loquitur
2784 3846 2869 3910 de

593 4049 641 4118 1)
679 4050 877 4105 Strabo
914 4050 1034 4103 436.
1072 4050 1207 4105 Abel
1250 4051 1371 4106 159.

594 4139 644 4202 2)
680 4138 853 4192 Thuc.
887 4138 936 4192 6.
978 4140 1026 4193 7.
1065 4140 1115 4193 3.

593 4225 641 4292 3)
679 4227 848 4281 Thuc.
889 4228 935 4281 1.
973 4228 1057 4282 61.
1097 4229 1145 4296 2,
1184 4229 1322 4283 Abel
1360 4229 1478 4282 175.

593 4315 642 4380 4)
680 4315 849 4369 Thuc.
888 4316 937 4369 2.
979 4316 1096 4370 100.

594 4402 644 4469 5)
681 4404 835 4458 Diod.
876 4404 958 4458 16.
999 4403 1044 4456 1.
1083 4404 1133 4457 3.
1176 4407 1231 4458 et
1267 4405 1316 4458 2.
1355 4405 1407 4457 2.

594 4490 642 4554 6)
679 4492 834 4546 Diod.
874 4492 955 4546 16.
992 4492 1042 4547 4.
1081 4493 1146 4547 cf,
1193 4492 1405 4547 Arrian.
1446 4493 1493 4546 7.
1533 4492 1582 4546 9.
1621 4493 1669 4546 2.
