3338 5350
1726 518 1815 583 48

602 715 1020 803 principibus
1080 714 1522 803 praestabant
1587 715 1856 796 rustici3
1926 713 2256 779 Arrianus
2320 736 2587 802 quoque
2640 717 2697 780 1.
2749 716 2848 781 16.
2898 715 2940 779 5

601 823 687 887 de
731 825 811 888 iis
860 823 1159 908 loquitur
1204 823 1287 902 τῷ
1335 822 1582 901 σώματι
1623 820 2008 902 λειτουργίαι.
2087 822 2327 907 Neque
2372 821 2738 888 defuerunt
2783 846 2940 910 gra·

599 931 878 995 vissima
926 929 1185 995 tributa
1232 928 1465 1015 (φόροι).

687 1037 793 1102 De
851 1035 1301 1122 vectigalibus
1365 1036 1438 1100 in
1502 1037 1905 1102 Macedonia
1953 1036 2225 1120 exactis,
2280 1036 2565 1102 nonulla
2613 1042 2946 1124 apparent

603 1166 640 1208 e
685 1143 884 1208 rebus
946 1144 1153 1230 gestis
1224 1166 1264 1208 a
1321 1143 1669 1227 Romanis,
1734 1166 1889 1209 cum
1934 1144 2335 1209 Macedonia
2382 1165 2614 1209 eorum
2657 1143 2943 1231 imperio

601 1250 867 1335 adjecta
930 1258 1050 1316 est.
1119 1251 1309 1316 Tunc
1378 1252 1561 1316 enim
1628 1251 1924 1317 Romani
1994 1258 2283 1336 quatuor
2349 1251 2483 1315 illis
2553 1249 2943 1337 regionibus

601 1357 1057 1440 Macedoniae,
1107 1359 1178 1422 in
1227 1381 1394 1445 quas
1440 1359 1865 1445 provinciam
1888 1380 2141 1424 novam
2165 1357 2562 1441 diviserunt,
2609 1358 2944 1422 tributum

602 1486 901 1530 annuum
925 1465 1393 1552 imposuerunt
1417 1465 1467 1546 1)
1515 1472 1790 1530 centum
1819 1464 2228 1531 talentorum
2255 1464 2329 1549 2),
2357 1486 2689 1529 summam
2710 1461 2944 1550 paullo

598 1572 930 1637 minorem
1001 1572 1283 1637 dimidio
1355 1572 1520 1658 ejuS,
1617 1594 1823 1657 quam
1892 1571 2165 1657 regibus
2234 1570 2411 1636 ferre
2484 1570 2666 1636 soliti
2728 1576 2944 1635 erant.

597 1677 840 1765 Itaque
885 1680 1008 1744 sub
1053 1679 1326 1764 regibus
1376 1680 1727 1766 aliquanto
1766 1679 1919 1768 plus
1945 1678 2253 1744 ducentis
2278 1678 2554 1742 talentis
2579 1677 2944 1764 quotannis

599 1786 1124 1873 persolvendum
1172 1792 1331 1851 erat.
1385 1787 1745 1852 Tributum
1793 1792 2020 1851 autem
2043 1785 2431 1851 Romanum
2454 1783 2588 1848 fuit
2610 1784 2945 1849 tributum

601 1893 725 1958 soli
752 1892 824 1979 3),
894 1893 1003 1957 cui
1071 1893 1436 1958 accedebat
1496 1894 1569 1959 in
1640 1892 1921 1959 urbibus
1993 1890 2396 1975 χειρωνοέξιον,
2467 1891 2649 1977 quod
2717 1891 2943 1955 minus

598 2005 780 2064 recte
844 2000 1176 2064 tributum
1246 2000 1486 2087 capitis
1557 2008 1840 2066 vocatur
1874 1999 1947 2082 4).
2042 1998 2206 2065 Sine
2276 1999 2483 2064 dubio
2551 1997 2943 2083 hujusmodi

599 2104 879 2170 fuerunt
939 2106 1305 2192 vectigalia
1349 2107 1788 2173 Macedonica
1834 2108 1958 2173 sub
2003 2105 2278 2192 regibus
2306 2103 2381 2192 ⁶).
2453 2105 2639 2183 Quae
2684 2103 2943 2168 tributa

600 2233 737 2277 non
804 2220 989 2278 recta
1055 2214 1170 2277 via
1236 2214 1382 2300 regi
1449 2213 1863 2302 pendebant,
1935 2214 2054 2279 sed
2112 2235 2236 2301 per
2279 2211 2752 2295 internuntiOS,
2800 2210 2942 2275 ruri

601 2319 1076 2385 verosimiliter
1120 2343 1244 2408 per
1288 2321 1631 2386 ministros
1679 2322 1878 2408 regis,
1903 2322 1975 2386 in
2006 2319 2291 2386 urbibus
2315 2341 2440 2407 per
2461 2320 2941 2406 redemptores·

599 2425 864 2512 Nempe
909 2449 1061 2491 cum
1130 2427 1369 2492 Livius
1440 2428 1547 2492 45.
1575 2429 1681 2493 29.
1713 2431 1791 2493 11
1844 2428 2068 2493 dicat:
2126 2426 2481 2512 ,Romani
2535 2424 2785 2511 jubent
2826 2424 2943 2488 tri-

548 2568 563 2573 -
606 2531 887 2618 „butum
933 2533 1294 2599 dimidium
1342 2533 1485 2620 ejus
1532 2536 1715 2622 quod
1773 2534 2260 2622 pependissent
2304 2533 2596 2619 regibu8‚
2645 2531 2944 2619 pendere

607 2638 900 2727 „populo
965 2642 1342 2726 Roman0,'’
1415 2650 1481 2708 et
1568 2642 1762 2709 brevi
1831 2648 1986 2730 post
2074 2639 2409 2728 „vectigal
2479 2637 2945 2705 exercentibus

607 2746 1006 2832 „dimidium
1075 2747 1217 2834 ejus
1278 2750 1676 2837 impositum
1722 2750 1904 2836 quod
1966 2748 2453 2837 pependissent
2506 2745 2715 2832 regi,”
2787 2766 2944 2811 con-

601 2853 874 2918 cludere
936 2854 1096 2919 licet
1140 2854 1367 2921 officia
1413 2878 1643 2922 eorum
1717 2857 1836 2943 qui
1881 2855 2248 2942 vectigalia
2295 2853 2659 2940 exigebant
2707 2852 2947 2916 eadem

602 2959 948 3024 mansisse.

692 3063 887 3142 Quod
923 3066 1185 3133 'autem
1254 3069 1621 3156 vectigalia
1709 3069 1831 3134 illa
1915 3069 2060 3155 jam
2150 3067 2459 3155 Philippi
2526 3064 2945 3153 temporibus

606 3174 1114 3260 exercebantur,
1157 3198 1240 3241 ex
1283 3176 1366 3241 iis
1413 3183 1602 3264 patet
1651 3199 1827 3264 quae
1887 3175 2065 3241 filius
2111 3175 2503 3240 Alexander
2549 3170 2944 3238 decreverit.

601 3278 864 3365 Injuria
912 3282 1187 3366 quidem
1234 3289 1304 3348 et
1347 3283 1549 3349 nimis
1615 3283 2026 3370 generaliter
2069 3283 2117 3349 J
2117 3282 2381 3347 ustinus
2430 3282 2530 3345 11.
2563 3281 2620 3344 1.
2652 3280 2736 3344 10
2781 3278 2949 3343 dicit

611 3386 1043 3474 „Alexander
1106 3388 1590 3455 Macedonibus
1680 3390 2184 3455 immunitatem
2256 3394 2653 3453 cunctarum
2719 3406 2948 3450 rerum

609 3499 916 3579 „praeter
960 3494 1247 3559 militiae
1292 3496 1716 3586 vacationem
1766 3496 2018 3580 dedit,”
2065 3496 2260 3582 quasi
2302 3518 2423 3560 rex
2470 3493 2697 3559 omnia
2734 3491 2947 3557 vecti-

602 3598 786 3684 galia
825 3600 1219 3666 sustulisset.
1282 3602 1612 3667 Arrianus
1662 3605 1721 3667 1.
1757 3604 1853 3667 16.
1884 3603 1925 3666 5
1973 3607 2454 3667 commemorat
2476 3591 2948 3665 Alexandrum

605 3726 782 3770 anno
831 3707 963 3771 334
1025 3708 1424 3795 propinquis
1485 3709 1935 3792 Macedonum
2003 3709 2091 3773 ad
2160 3708 2532 3775 Granicum
2598 3726 2948 3770 caesorum

603 3812 1104 3879 immunitatem
1151 3815 1418 3882 dedisse
1440 3816 1901 3903 vectigalium,
1939 3837 2112 3902 quae
2137 3815 2225 3879 ad
2249 3812 2466 3879 solum
2490 3811 2949 3900 pertinebant,

622 4002 724 4010 ᾖ

671 4113 718 4184 1)
756 4116 915 4171 Diod.
956 4120 1038 4173 13.
1080 4120 1127 4172 8.
1167 4121 1217 4174 2.
1249 4122 1363 4175 Liv.
1404 4120 1487 4174 45.
1532 4120 1615 4174 18.
1656 4120 1704 4172 7.
1746 4123 1801 4173 et
1837 4119 1921 4186 30.
1960 4120 2009 4172 1.

657 4203 705 4269 2)
744 4205 890 4260 Plut.
929 4208 1079 4262 Aem.
1119 4210 1295 4264 Pauu.
1335 4210 1404 4264 28
1441 4211 1507 4264 cf.
1547 4208 1873 4276 Marquardt
1913 4208 1960 4260 1.
1997 4226 2051 4277 p.
2089 4207 2209 4260 317.
2250 4208 2301 4260 2.
2339 4224 2392 4277 p.
2433 4205 2551 4259 195.

658 4290 704 4361 3)
744 4293 1052 4350 Mommsen
1086 4299 1148 4352 R.
1187 4299 1249 4353 G.
1291 4300 1338 4352 1.
1379 4317 1435 4369 p.
1477 4297 1594 4351 768.

657 4380 707 4455 4)
743 4387 1069 4456 Marquardt
1105 4389 1154 4441 2.
1198 4405 1251 4458 p.
1291 4387 1409 4441 199.

658 4463 704 4548 5ι)
741 4478 951 4532 Arrian.
995 4478 1043 4529 1.
1081 4476 1167 4529 16.
1205 4476 1253 4529 5.
1293 4477 1429 4524 κατὰ
1465 4476 1559 4531 τὰς
1600 4472 1797 4532 κτήσεις
1833 4472 2053 4524 ἑκάστων
2089 4473 2328 4536 εἰσφοραί.
