3338 5350
1508 551 1632 615 101

408 751 603 815 drum
674 756 903 815 autem
969 749 1147 814 hanc
1212 770 1357 813 rem
1423 769 1560 813 non
1630 754 1945 831 mutasse,
2041 748 2221 834 quod
2291 770 2332 813 a
2402 747 2735 815 Strabone

405 857 686 923 diversis
732 855 896 922 locis
945 855 1381 921 confirmatur
1402 856 1472 937 ¹).

486 964 725 1051 Neque
796 963 1012 1049 magis
1080 962 1192 1027 hic
1258 961 1585 1026 terminus
1654 961 1778 1026 sub
1847 960 2194 1027 diadochis
2262 969 2564 1029 mutatus
2612 971 2729 1030 est.

400 1071 646 1136 Nestus
692 1069 946 1134 flumen
992 1071 1060 1134 et
1103 1068 1177 1134 in
1220 1069 1609 1155 regionibus
1633 1068 2108 1156 superioribuS,
2157 1068 2227 1134 et
2250 1069 2323 1134 in
2342 1070 2733 1156 regionibus

400 1199 583 1243 mare
652 1196 885 1243 versus
952 1177 1279 1242 terminus
1349 1176 1496 1262 agri
1563 1175 1987 1242 Macedonici
2051 1177 2320 1260 mansit,
2381 1179 2736 1266 provincia

398 1286 608 1372 igitur
654 1283 1004 1372 Antipatri
1048 1284 1256 1349 etiam
1304 1282 1841 1371 amplectebatur
1884 1283 2353 1350 Macedoniam
2400 1285 2736 1372 adjectam

401 1414 605 1480 quam
652 1391 905 1457 dicunt.

487 1499 710 1566 Variis
778 1498 940 1565 locis
1009 1504 1073 1563 et
1140 1497 1341 1563 factis
1400 1498 1569 1562 haec
1611 1518 1719 1563 res
1764 1497 2219 1564 confirmatur.
2309 1498 2539 1565 Primo
2584 1499 2733 1566 loco

398 1606 771 1673 Pausanias
815 1606 1018 1691 hujus
1063 1606 1163 1671 rei
1206 1605 1401 1671 nobis
1447 1605 1639 1670 testis
1688 1612 1809 1671 est.
1854 1605 1988 1670 Hic
2032 1606 2215 1672 enim
2263 1608 2319 1671 1.
2347 1607 2408 1673 9.
2434 1608 2476 1671 5
2523 1607 2734 1672 tradit

399 1712 885 1800 Lysimachum
929 1734 1159 1799 regem
1204 1712 1413 1778 fuisse
1460 1712 1769 1797 gentium
1806 1712 2245 1779 Macedoniae
2267 1712 2731 1798 finitimarum,

400 1820 644 1908 quibus
736 1819 1093 1907 Philippus
1185 1826 1254 1884 et
1343 1818 1734 1885 Alexander
1824 1841 2091 1907 quoque
2182 1820 2727 1908 imperaverunt5

402 1927 696 1992 secundo
741 1926 888 1992 loco
936 1931 1165 1991 autem
1214 1928 1272 1993 1.
1317 1927 1418 1991 10.
1468 1925 1510 1990 2
1556 1932 1792 1991 narrat
1835 1926 2318 2013 Lysimachum
2362 1934 2517 2016 post
2560 1950 2732 2015 pug-

397 2057 561 2100 nam
629 2035 813 2122 apud
879 2031 1328 2122 Amphipolin
1396 2033 1559 2098 anni
1623 2033 1775 2117 288,
1869 2056 2023 2098 cum
2089 2034 2490 2101 Macedonia
2556 2036 2734 2101 inter

395 2142 593 2207 illum
663 2148 731 2207 et
796 2141 1136 2227 Pyrrhum
1204 2141 1559 2228 Epirotam
1627 2141 1849 2207 divisa
1895 2148 2015 2225 est,
2080 2142 2430 2208 dominum
2472 2143 2733 2208 factum

397 2271 543 2316 esse
589 2252 706 2313 τῶν
755 2249 1019 2312 Νεστίων
1064 2248 1231 2336 (καὶ)
1280 2245 1661 2322 Μακεδόνων,
1710 2249 1855 2314 sine
1900 2249 2107 2316 dubio
2149 2256 2459 2337 spectans
2493 2251 2580 2315 ad
2618 2272 2731 2316 eas

397 2363 638 2445 gentes
711 2378 887 2442 quae
950 2356 1130 2421 inter
1199 2353 1631 2441 Strymonem
1704 2363 1772 2422 et
1837 2356 2124 2422 Nestum
2191 2356 2477 2422 flumina
2543 2357 2734 2423 sedes

396 2465 697 2531 habuere
720 2458 794 2551 2).
843 2462 972 2529 1110
1017 2463 1165 2552 ipso
1209 2485 1389 2530 anno
1435 2462 1568 2528 288
1611 2464 1821 2550 igitur
1844 2461 2169 2550 Strymon
2190 2465 2517 2530 terminus
2540 2465 2733 2550 regni

398 2572 796 2659 Lysimachi
842 2570 1062 2637 factus
1111 2577 1230 2638 est.

485 2680 639 2745 Duo
685 2679 803 2746 alii
847 2678 980 2745 loci
1024 2679 1427 2745 confirmant
1472 2679 1682 2745 etiam
1726 2680 1799 2743 in
1842 2678 2234 2764 regionibus
2279 2679 2733 2767 superioribus

395 2789 685 2855 Nestum
775 2786 1030 2852 flumen
1135 2786 1553 2875 temporibus
1655 2786 2143 2853 diadochorum
2233 2787 2735 2853 disterminasse

398 2894 871 2961 Macedoniam
916 2900 986 2959 et
1032 2894 1407 2961 Thraciam.
1500 2893 1706 2960 Anno
1754 2895 1935 2959 enim
1979 2895 2111 2959 310
2156 2916 2313 2960 cum
2358 2893 2737 2961 Cassander

398 3001 773 3090 opitulatus
841 3007 944 3066 est
1012 3001 1395 3066 Paeonibus
1486 3007 1724 3067 contra
1809 3001 2225 3085 Autariatas,
2294 3001 2733 3068 Macedoniae

392 3111 729 3199 princeps,
777 3108 1083 3174 barbaris
1128 3107 1261 3173 illis
1330 3109 1415 3174 ab
1470 3131 1549 3175 eo
1595 3108 1994 3196 profligatis,
2044 3107 2367 3174 Orbelum
2414 3115 2732 3191 montem,

394 3219 604 3283 situm
646 3216 826 3281 inter
871 3215 1162 3281 Nestum
1206 3222 1275 3280 et
1321 3210 1758 3302 Strymonem
1780 3215 2081 3300 flumina,
2130 3214 2445 3280 ultimam
2466 3222 2735 3303 partem

392 3323 854 3407 Macedoniae,
904 3321 1132 3400 sedem
1175 3323 1509 3389 indicavit
1523 3322 1593 3404 3).
1641 3323 1781 3388 Vix
1823 3344 1992 3410 opus
2040 3331 2141 3388 est
2182 3322 2422 3406 dicere,
2448 3320 2731 3388 Cassan-

394 3431 595 3495 drum
640 3429 829 3497 nullo
875 3432 1076 3497 modo
1122 3431 1245 3496 has
1290 3431 1599 3517 regiones
1645 3430 1952 3497 barbaris
1998 3429 2133 3496 illis
2166 3431 2394 3496 sedem
2433 3430 2735 3497 indicare

389 3536 711 3624 potuisse,
761 3539 834 3602 ni
879 3538 937 3603 is
986 3559 1149 3623 ager
1194 3537 1669 3604 Macedonicus
1718 3538 1980 3604 fuisset.

486 3642 678 3723 Quod
727 3650 954 3709 autem
999 3645 1249 3711 Nestus
1323 3644 1576 3710 flumen
1620 3667 1745 3732 per
1789 3645 2067 3732 longam
2113 3645 2352 3711 seriem
2398 3666 2733 3710 annorum

394 3749 899 3816 disterminavit
942 3751 1415 3817 Macedoniam
1460 3758 1528 3817 et
1575 3750 1955 3836 Thraciam,
1998 3752 2377 3819 ⁴necessario
2431 3752 2734 3837 sequitur

396 3880 485 3924 ex
553 3858 876 3923 diuturna
943 3865 1013 3924 et
1078 3857 1463 3924 firmissima
1533 3859 1831 3924 amicitia
1905 3881 2039 3946 qua
2107 3859 2206 3924 uti
2274 3881 2413 3924 non
2475 3859 2734 3925 desiere

448 4143 497 4209 1)
538 4143 736 4198 Strabo
783 4144 902 4198 323.
965 4144 1165 4199 Strabo
1214 4144 1317 4198 331
1370 4147 1433 4199 fr.
1485 4145 1571 4199 33.
1623 4143 1735 4196 εἶτα
1784 4148 1844 4195 τὸ
1880 4144 2076 4195 Νέστου
2111 4148 2280 4207 στόμα
2316 4152 2408 4197 τοῦ
2444 4143 2732 4210 διορίζοντος

394 4230 693 4283 Μακεδονίαν
745 4233 831 4283 καὶ
884 4231 1075 4302 Θρᾴκην
1122 4232 1184 4290 ὣς
1232 4233 1472 4296 Φίλιππος
1507 4235 1594 4286 καὶ
1634 4231 1950 4296 Ἀλέξανδρος
1997 4236 2024 4284 δ
2074 4233 2253 4285 τούτου
2279 4238 2399 4294 ταῖς
2436 4232 2646 4299 διώριζον
2682 4235 2730 4287 ἐν

392 4324 500 4380 τοῖς
537 4330 653 4372 κατ’
688 4322 870 4381 αὐτοῦς
905 4325 1094 4387 χρόνοις
1130 4324 1196 4377 cf.
1236 4323 1404 4378 etiam
1440 4324 1509 4378 fr.
1546 4325 1631 4379 35.

449 4412 500 4477 2)
537 4412 602 4465 cf.
641 4412 836 4484 Droys.
875 4414 926 4467 2.
975 4414 1023 4465 2.
1058 4413 1178 4467 298.

449 4498 497 4568 3)
536 4499 690 4555 Diod.
728 4502 812 4555 20.
854 4501 935 4555 19.
978 4502 1039 4571 1;
1077 4502 1260 4557 sustin
1296 4502 1380 4555 15.
1420 4504 1470 4555 2.
1510 4502 1559 4555 2.
