3338 5350
1746 526 1834 590 98

617 721 992 788 Alexandri
1061 726 1348 786 mortem
1415 720 1718 786 clausum
1790 727 1910 785 est.
2003 721 2134 785 Hic
2204 721 2383 786 enim
2431 724 2797 788 attendens
2869 727 2955 790 ad

619 837 871 895 statum
920 834 1346 915 satraparum
1389 833 1546 915 post
1589 826 1962 893 Alexandri
2009 834 2295 893 mortem
2321 834 2678 914 mutatum,
2706 832 2961 918 optime

619 936 954 1003 intellexit
1002 958 1205 1024 quam
1275 933 1555 999 difficile
1623 932 1932 999 futurum
1993 941 2167 1000 esset
2230 937 2592 1023 imperium
2638 939 2709 1002 in
2746 961 2962 1003 unum

617 1044 1055 1130 conjunctum
1098 1051 1361 1124 tenere3
1436 1064 1618 1106 nunc
1666 1041 1865 1125 enim,
1914 1064 2067 1106 cum
2129 1064 2329 1108 omne
2373 1042 2721 1109 vinculum
2784 1045 2963 1110 inter

619 1152 917 1217 diversos
963 1153 1398 1236 magistratus
1445 1149 1791 1215 sublatum
1838 1155 2029 1233 esset,
2098 1150 2454 1237 imperium
2518 1157 2788 1217 tantum
2831 1152 2959 1216 niti

618 1258 722 1324 his
768 1259 982 1324 tribus
1030 1258 1264 1340 rebus3
1311 1258 1572 1344 primo:
1622 1258 1897 1321 nomine
1940 1278 2198 1342 regum,
2265 1263 2334 1321 et
2381 1256 2639 1323 viribus
2663 1260 2959 1347 supremi

616 1366 1069 1453 procuratoris
1114 1365 1415 1452 imperii;
1490 1365 1823 1430 secundo:
1890 1363 2070 1429 bona
2132 1370 2362 1429 mente
2424 1371 2850 1453 satraparum
2889 1372 2959 1431 et

618 1476 842 1539 animo
918 1494 1149 1538 eorum
1214 1478 1454 1560 parato
1548 1471 1632 1536 ad
1705 1470 2201 1536 oboediendum
2294 1472 2581 1537 decretis
2645 1473 2955 1561 imperii;

615 1582 857 1645 tertio:
905 1585 1107 1662 statu,
1176 1601 1457 1644 numero
1527 1585 1591 1643 et
1664 1579 1891 1644 animo
1956 1579 2320 1662 exercitus3
2368 1600 2529 1643 nam
2573 1600 2756 1644 nunc
2802 1603 2958 1646 cum

616 1689 858 1774 cuique
925 1692 1236 1773 satrapae
1293 1686 1527 1772 copiae
1575 1707 1737 1750 suae
1780 1692 2050 1773 praesto
2099 1691 2340 1770 essent,
2411 1686 2772 1752 seditiones
2817 1709 2957 1752 non

615 1796 746 1861 nisi
792 1796 863 1860 vi
911 1816 1250 1860 armorum
1287 1792 1619 1881 impediri,
1659 1815 1884 1880 neque
1930 1792 2062 1858 alio
2109 1793 2311 1858 modo
2355 1794 2697 1881 praeverti
2719 1800 2956 1881 potue-

615 1910 794 1985 runt,
865 1904 994 1968 nisi
1064 1902 1635 1967 demonstratione
1703 1901 1953 1966 virium
1998 1898 2411 1966 militarium.
2461 1901 2554 1966 Et
2599 1901 2957 1966 Perdiccas

616 2012 732 2098 qui
766 2011 933 2076 haec
978 2010 1204 2075 omnia
1249 2009 1501 2096 optime
1540 2007 1893 2090 intellexit,
1940 2030 2084 2072 sese
2110 2007 2603 2074 validissimum
2627 2015 2959 2075 rectorem

614 2119 969 2206 praestitit.
1041 2116 1389 2182 Intellexit
1455 2117 1729 2180 unicam
1796 2117 2000 2199 viam,
2073 2137 2208 2201 qua
2264 2115 2561 2202 flagitari
2621 2124 2848 2204 posset
2918 2140 2959 2182 a

617 2227 921 2312 satrapis,
969 2233 1048 2291 ut
1093 2223 1333 2290 officiis
1382 2224 1515 2287 suis
1556 2244 1721 2309 erga
1765 2223 2126 2309 imperium
2162 2220 2755 2310 perfungerentur,
2779 2224 2959 2289 hanc

616 2356 777 2416 esse,
829 2333 1010 2420 quod
1074 2352 1411 2397 summum
1457 2330 1817 2416 imperium
1883 2335 2280 2413 metuerent,
2353 2331 2532 2415 quod
2581 2332 2741 2395 satis
2787 2331 2956 2396 vali-

615 2441 780 2505 dum
824 2441 896 2505 id
943 2461 1085 2505 esse
1135 2443 1457 2525 putarent
1498 2438 1579 2501 ad
1609 2436 2022 2502 cohibendos
2047 2437 2225 2501 male
2248 2442 2584 2524 parentes
2611 2437 2961 2503 Intellexit

613 2548 742 2613 hoc
800 2528 1238 2634 praecipuum
1309 2567 1555 2609 munus
1623 2544 2074 2631 procuratoris
2143 2564 2286 2608 esse
2353 2549 2431 2608 ut
2493 2566 2636 2609 sese
2680 2566 2955 2631 prorsus

616 2654 839 2720 officio
886 2675 1004 2719 suo
1051 2652 1430 2734 dedicaret;
1477 2657 1556 2716 ut
1599 2672 1755 2717 cum
1798 2650 2071 2737 regibus
2121 2656 2188 2716 et
2229 2672 2381 2716 cum
2407 2651 2636 2717 valido
2661 2654 2961 2717 exercitu

613 2764 684 2827 in
730 2768 959 2826 centro
1041 2760 1307 2846 imperii
1356 2764 1545 2842 esset,
1616 2764 1695 2823 ut
1740 2763 2010 2845 praesto
2056 2779 2201 2822 esse
2240 2764 2486 2845 posset,
2550 2758 2962 2846 ubicumque

613 2891 720 2934 res
763 2867 1188 2954 flagitabant.
1280 2866 1479 2931 Hanc
1528 2866 1614 2931 ob
1663 2888 1806 2930 rem
1854 2864 2282 2952 Babylonem
2327 2870 2681 2951 tamquam
2727 2867 2963 2931 sedem

613 2977 880 3064 imperii
944 2974 1387 3056 confirmavit,
1438 2994 1641 3059 quam
1690 2972 1928 3037 urbem
1979 2994 2181 3059 saepe
2227 2979 2459 3038 tamen
2504 2972 2957 3060 relinquebat,

613 3091 692 3148 ut
736 3104 891 3148 cum
934 3082 1230 3147 exercitu
1275 3081 1523 3145 viseret
1570 3080 1871 3146 diversas
1918 3085 2146 3166 partes
2207 3080 2489 3166 imperii,
2550 3102 2678 3145 nec
2722 3087 2961 3145 tamen

615 3191 869 3257 diutius
941 3189 1175 3253 absens
1247 3193 1410 3270 erat,
1483 3208 1688 3274 quam
1757 3186 2066 3271 singulae
2110 3208 2239 3270 res,
2311 3208 2483 3271 quae
2529 3186 2614 3266 in.
2649 3186 2961 3252 ordinem

614 3297 959 3384 cogendae
1006 3302 1219 3380 erant,
1267 3294 1696 3381 flagitabant.
2314 3382 2320 3387 ῃ

701 3404 1055 3469 Exercitus
1104 3403 1227 3468 sub
1277 3401 1864 3467 administratione
1913 3401 2056 3486 ejus
2126 3401 2287 3466 satis
2335 3400 2604 3465 validus
2653 3406 2720 3465 et
2764 3422 2958 3487 mag·

615 3534 742 3576 nus
790 3516 954 3593 erat,
1025 3511 1234 3598 copiis
1305 3508 1762 3574 Macedonicis
1840 3507 2256 3592 abundabat,
2319 3529 2642 3593 magnam
2687 3513 2962 3595 partem

614 3618 1023 3706 compositus
1072 3625 1217 3682 erat
1253 3616 1582 3681 militibus
1617 3613 2001 3680 fortissimis
2044 3621 2111 3679 et
2148 3614 2532 3680 clarissimis
2555 3613 2956 3680 Alexandri.

618 3722 692 3789 Si
738 3724 1100 3790 Perdiccae
1145 3721 1423 3788 fortuna
1468 3723 1688 3809 magis
1733 3722 2041 3810 propicia
2097 3720 2338 3787 fuisset
2404 3721 2479 3785 in
2525 3720 2960 3808 expeditione

615 3840 850 3898 contra
909 3830 1309 3918 Aegyptum
1375 3830 1489 3894 hic
1553 3831 1698 3895 sine
1767 3829 1907 3895 ullo
1977 3829 2184 3894 dubio
2255 3828 2618 3915 imperium
2687 3826 2961 3893 salvum

615 3940 897 4005 reddere
941 3938 1292 4026 potuisset.
1341 3936 1778 4002 Matrimonio
1827 3959 1982 4001 cum
2027 3934 2388 4024 Cleopatra
2434 3934 2564 3999 sibi
2603 3934 2715 4020 jus
2740 3934 2959 4021 quod-

615 4046 773 4111 dam
839 4045 1070 4131 regiae
1136 4044 1492 4131 dignitatis
1559 4043 2106 4131 comparavisset,
2181 4064 2317 4129 qua
2385 4041 2719 4125 dignitate
2779 4046 2961 4106 tam-

616 4173 822 4238 quam
865 4157 1074 4222 tutor,
1094 4173 1333 4238 regum
1380 4149 1698 4236 perfungi
1741 4150 2072 4236 potuisset
2089 4172 2103 4231 ;
2169 4170 2391 4235 neque
2442 4168 2553 4212 eos
2601 4148 2685 4211 de
2728 4146 2961 4213 medio

613 4258 850 4324 tollere
917 4280 1085 4345 opus
1153 4257 1411 4339 fuisset,
1487 4279 1642 4321 cum
1712 4256 1796 4321 ab
1869 4256 2082 4321 altera
2146 4261 2345 4343 parte
2415 4253 2566 4319 fieri
2623 4252 2962 4341 potuisset

611 4371 689 4430 ut
753 4387 877 4453 per
945 4365 1345 4451 Cleopatrae
1411 4363 1659 4429 liberos
1724 4364 1916 4448 regia
1984 4363 2221 4427 domus
2290 4383 2327 4426 e
2395 4360 2578 4425 linea
2646 4365 2965 4427 materna

616 4470 1034 4537 effloruisset.
