3338 5350
1531 515 1619 582 83

408 735 517 780 res
586 720 819 801 gestae
896 709 1320 801 Olympiadis
1389 712 1591 777 modo
1682 712 2042 778 traduntur
2111 718 2465 798 tamquam
2529 733 2756 780 conse·

415 821 737 907 quentiae
802 821 998 906 regni
1065 820 1459 908 cupiditatis
1528 817 1586 904 ej
1595 841 1672 883 us
1744 825 1813 884 et
1856 819 2294 903 iracundiae3
2343 841 2463 886 suo
2503 820 2760 905 judicio

411 948 578 993 vero
661 928 838 991 iuste
882 948 1171 1012 regnum
1215 932 1283 991 et
1330 924 1616 990 tutelam
1663 925 1793 989 sibi
1839 925 2253 1010 vindicabat,
2298 927 2570 991 tametsi
2603 927 2673 992 id
2721 949 2761 991 a

411 1034 647 1120 paucis
719 1034 1028 1119 agnitum
1097 1040 1215 1098 est.
1338 1033 1386 1099 J
1389 1053 1506 1097 ure
1579 1032 1992 1097 hereditario
2060 1032 2502 1099 Macedonico
2567 1056 2761 1121 prae-

416 1140 745 1227 scriptum
807 1147 970 1225 erat,
1040 1147 1108 1205 et
1168 1140 1410 1206 eadem
1483 1138 1723 1226 regula
1789 1138 2208 1226 temporibus
2279 1139 2763 1206 diadochorum

416 1267 585 1332 quos
632 1248 888 1331 dicunt,
938 1249 1143 1313 etiam
1190 1247 1340 1313 aliis
1385 1248 1460 1311 in
1504 1246 1893 1333 regionibus
1957 1269 1999 1312 a
2045 1247 2527 1313 Macedonibus
2569 1269 2762 1313 occu-

413 1354 616 1440 patis,
657 1354 852 1419 verbi
897 1376 1101 1419 causa
1145 1354 1219 1418 in
1268 1354 1588 1440 Aegypto
1637 1353 1912 1419 omnino
1965 1374 2104 1418 non
2152 1353 2616 1441 spernebatur,
2666 1360 2762 1438 ut,

418 1459 475 1524 si
522 1468 739 1526 morte
786 1462 963 1547 regis
1009 1462 1203 1526 heres
1268 1459 1611 1546 legitimus
1669 1460 1965 1547 quidem,
2017 1462 2134 1526 sed
2179 1461 2483 1526 nondum
2530 1461 2765 1527 adulta

418 1573 662 1651 aetate,
712 1569 997 1652 adesset,
1069 1567 1285 1633 tutela
1351 1568 1661 1654 legitima
1705 1574 1883 1633 esset
1939 1568 2242 1655 personis
2288 1568 2763 1656 superstitibus

418 1676 724 1762 ejusdem
772 1676 1018 1763 stirpis,
1066 1675 1185 1740 sed
1227 1675 1649 1762 provectiore
1694 1681 1959 1756 aetate;
2010 1675 2156 1739 sive
2193 1674 2377 1759 viriS‚
2426 1675 2570 1740 sive
2615 1699 2761 1741 mu-

417 1783 739 1868 lieribus;
787 1783 931 1848 sive
975 1781 1189 1848 stater
1233 1781 1388 1866 fuit,
1459 1783 1604 1847 sive
1675 1788 1957 1870 patruus
2021 1780 2329 1847 defuncti
2370 1782 2570 1868 regis,
2619 1784 2764 1848 sive

418 1893 629 1980 ipsius
678 1891 891 1957 vidua
935 1890 1048 1956 vel
1094 1891 1298 1954 etiam
1344 1889 1707 1955 decessoris
1754 1889 1918 1974 ejus,
1967 1888 2175 1974 idque
2220 1889 2590 1954 secundum
2612 1911 2763 1954 eam

417 1999 724 2085 regulam
774 2020 911 2084 qua
958 1997 1176 2082 maJ'or
1221 2002 1389 2062 natu
1435 1980 1692 2061 tutelae
1737 1996 2013 2083 propior
2061 2002 2253 2061 esset.

507 2106 555 2172 J
554 2128 635 2170 us
679 2104 991 2170 naturale
1031 2105 1227 2190 regni
1274 2104 1645 2169 Alexandri
1716 2103 2232 2168 administrandi
2276 2109 2432 2190 post
2475 2110 2762 2169 mortem

421 2211 566 2296 ejus
613 2212 931 2276 Roxanes
978 2209 1229 2276 infanti
1297 2209 1421 2275 soli
1466 2208 1616 2290 fuit,
1681 2216 2032 2296 tamquam
2077 2209 2217 2276 filio
2265 2217 2515 2295 agnato
2561 2213 2759 2296 regis,

420 2325 583 2383 nato
646 2341 683 2382 e
753 2318 1179 2383 matrimonio
1239 2315 1447 2403 justo.
1560 2315 1897 2381 Nobilitas
1989 2338 2259 2403 quoque
2326 2316 2764 2383 Macedonica

419 2423 776 2511 Babylone
814 2426 1007 2491 initio
1053 2424 1333 2512 perinde
1362 2423 1723 2509 judicavit,
1770 2429 2006 2510 postea
2074 2431 2302 2488 autem
2353 2430 2588 2490 coacta
2631 2424 2765 2491 fuit

419 2533 764 2620 peditibus
810 2553 1067 2598 morem
1132 2553 1384 2617 gerere,
1435 2530 1642 2596 etiam
1690 2551 2052 2617 agnoscere
2090 2531 2483 2620 Philippum
2528 2533 2763 2598 Arrhi-

424 2640 711 2722 daeum;
757 2639 875 2705 sed
915 2637 1027 2725 jus
1075 2637 1386 2704 naturale
1435 2638 1525 2703 ad
1563 2636 1824 2703 nullum
1864 2638 1992 2702 nisi
2038 2638 2127 2703 ad
2174 2637 2511 2704 infantem
2531 2661 2764 2706 recens

422 2753 664 2813 natum
706 2747 1051 2835 pertinuit.
1147 2745 1284 2811 Sed
1354 2746 1627 2811 cuinam
1668 2745 1887 2811 tutela
1931 2745 2233 2832 legitime
2281 2748 2767 2813 committenda

423 2843 624 2919 erat?
666 2854 825 2919 Non
872 2854 1002 2941 ipsi
1050 2852 1421 2934 Roxanae3
1491 2853 1659 2918 haec
1706 2853 1887 2918 enim
1930 2855 2288 2941 peregrina
2331 2852 2484 2937 fuit,
2533 2856 2764 2919 matri-

424 2962 653 3026 monio
714 2960 897 3045 justo
961 2959 1267 3046 legitime
1315 2959 1609 3045 quidem,
1657 2960 1777 3024 sed
1822 2961 1961 3025 'non
2009 2983 2092 3025 ex
2128 2959 2284 3045 jure
2327 2960 2765 3027 Macedonico

424 3090 582 3133 cum
649 3067 1040 3133 Alexandro
1107 3067 1473 3152 conjuncta
1533 3066 1779 3150 fuerat,
1849 3067 2026 3133 hanc
2094 3069 2179 3134 ob
2246 3089 2390 3133 rem
2430 3068 2550 3133 illa
2594 3068 2763 3156 ipsa,

423 3180 663 3262 utpote
707 3174 1087 3261 peregrina,
1134 3195 1509 3259 numquam
1547 3174 1905 3262 imperium
1957 3173 2083 3250 sibi
2128 3175 2477 3241 vindicare
2519 3178 2765 3262 potuit,

425 3304 647 3368 neque
681 3281 1076 3346 vindicavit.

515 3387 831 3454 Profecto
879 3388 1069 3454 nulla
1116 3388 1250 3454 alia
1297 3390 1507 3453 tutrix
1550 3396 1799 3453 natura
1835 3388 2136 3454 indicata
2174 3395 2336 3473 erat,
2361 3391 2491 3455 nisi
2531 3387 2764 3477 Olym-

425 3497 598 3583 pias,
670 3496 825 3560 huic
900 3498 1080 3561 enim
1144 3495 1257 3582 jus
1303 3495 1439 3561 fuit
1483 3497 1731 3582 agendi
1784 3494 2065 3561 infantis
2109 3496 2277 3580 locO,
2319 3502 2556 3584 utpote
2609 3498 2765 3562 avia

425 3605 619 3689 regni
663 3604 1106 3689 procuratrix.
1177 3602 1437 3668 Tamen
1481 3625 1569 3667 ne
1618 3602 1903 3668 verbum
1946 3604 2219 3689 quidem
2270 3604 2354 3668 de
2393 3603 2593 3689 hujus
2610 3604 2766 3689 jure

430 3708 612 3796 apud
650 3730 876 3773 rerum
923 3710 1281 3797 scriptores
1330 3709 1494 3774 anni
1533 3710 1663 3773 323
1710 3710 2076 3794 invenitur,
2118 3711 2237 3775 sed
2282 3732 2484 3775 causa
2528 3713 2599 3776 in
2637 3712 2766 3777 hac

427 3837 501 3880 re
558 3816 947 3902 quaerenda
994 3821 1112 3898 est,
1162 3815 1338 3902 quod
1410 3837 1632 3902 neque
1674 3817 2056 3901 Perdiccae,
2102 3839 2324 3904 neque
2368 3816 2766 3905 cujusquam

428 3929 806 3989 ceterorum
845 3925 1226 4011 principum
1271 3922 1627 4009 Babylone
1698 3925 2038 4007 intererat,
2104 3931 2184 3989 ut
2247 3925 2414 3990 haec
2480 3926 2761 3992 tutelam

431 4035 681 4115 ageret,
768 4031 998 4116 itaque
1086 4051 1333 4095 nomen
1406 4030 1550 4116 ejus
1628 4030 1894 4097 silentio
1972 4034 2482 4120 praeterierunt,
2565 4054 2766 4099 nemo

430 4136 560 4200 nisi
627 4136 984 4220 Eumenes,
1055 4143 1123 4202 et
1190 4141 1428 4225 postea
1496 4137 2007 4226 Polysperchon
2067 4138 2180 4224 jus
2247 4141 2476 4225 regiae
2534 4141 2766 4206 matris

433 4244 736 4327 agnovit.

516 4349 659 4415 Nec
705 4357 935 4416 tamen
977 4352 1125 4439 ipsa
1169 4352 1407 4437 regina
1444 4351 1558 4439 jus
1604 4376 1803 4418 suum
1846 4354 2193 4420 vindicare
2234 4356 2452 4440 desiit,
2479 4356 2767 4422 eandem

432 4457 517 4521 ob
565 4478 838 4522 causam
882 4477 1019 4523 non
1066 4460 1346 4543 agnovit
1390 4459 1694 4548 Philippi
1761 4459 2123 4527 Arrhidaei
2160 4461 2295 4548 jus,
2344 4464 2519 4548 quod
2549 4463 2767 4530 solum
