3338 5350
1566 537 1693 601 149

453 757 608 799 suas
653 734 725 798 in
771 733 1190 814 Macedonia,
1231 741 1504 799 centum
1548 733 1884 798 talentum
1927 736 2148 822 pretio
2175 736 2247 823 ¹),
2289 737 2567 825 insuper
2588 740 2792 804 socie-

452 847 665 906 tatem
711 847 780 905 et
824 841 1104 925 strategi
1151 841 1430 907 titulum
1489 840 1562 904 in
1608 840 2098 929 Peloponnes0‚
2146 865 2301 908 cum
2344 866 2559 931 parvo
2608 867 2792 910 exer-

450 950 592 1015 citu
658 948 1096 1014 Macedonico
1123 948 1196 1033 2).
1288 948 1416 1014 Illo
1476 950 1703 1037 pretio
1771 948 2279 1036 Polysperchon
2324 959 2602 1039 paratus
2651 960 2796 1017 erat

454 1057 542 1122 ad
610 1055 1154 1120 interficiendum
1213 1056 1571 1121 Heraclem
1635 1065 1705 1122 et
1768 1063 2055 1121 matrem
2101 1056 2279 1143 ejus;
2354 1059 2533 1143 quod
2581 1058 2795 1124 scelus

451 1165 660 1229 etiam
707 1164 791 1228 ab
840 1185 917 1228 eo
962 1169 1427 1249 perpetratum
1470 1172 1590 1229 est.
1638 1163 2145 1251 Polysperchon
2191 1165 2265 1228 in
2287 1186 2575 1251 regnum
2599 1188 2796 1230 suum

451 1270 980 1353 rediit3'ultima
1025 1270 1228 1358 stirps
1273 1269 1649 1336 Alexandri
1697 1271 2028 1336 exstincta
2074 1278 2193 1336 est.

540 1376 970 1442 Ptolemaeus
1016 1377 1289 1442 interim
1347 1378 1597 1442 multas
1659 1379 1859 1443 urbes
1906 1378 2109 1443 Asiae
2150 1379 2429 1443 Minoris
2477 1378 2548 1444 in
2594 1379 2794 1444 liber-

453 1490 666 1549 tatem
711 1484 1027 1567 restituit,
1074 1506 1394 1572 prospere
1439 1507 1545 1551 res
1592 1486 1803 1571 gessit
1849 1485 1922 1550 in
1969 1486 2135 1550 Asia
2174 1486 2457 1569 Minore,
2507 1495 2575 1551 et
2615 1509 2794 1552 anno

452 1592 585 1656 308
653 1592 727 1656 in
798 1592 1152 1657 Graeciam
1222 1593 1556 1679 pervenit,
1625 1592 1745 1657 ubi
1817 1592 2100 1657 diversis
2178 1592 2341 1657 locis
2409 1592 2797 1658 libertatem

452 1700 767 1782 restituit,
836 1697 1239 1764 Corinthum
1326 1706 1554 1765 autem
1628 1707 1697 1765 et
1771 1699 2130 1785 Sicyonem
2200 1700 2536 1787 praesidio
2605 1721 2798 1765 occu·

452 1807 666 1893 pavit,
709 1828 965 1872 novum
1035 1807 1382 1871 decretum
1450 1807 1537 1871 de
1580 1806 1900 1871 libertate
1949 1807 2157 1889 dedit,
2208 1830 2369 1872 sane
2416 1805 2796 1872 Cassandro
2921 1834 2925 1839 ·

452 1936 588 1978 non
651 1919 943 1999 gratum,
1005 1914 1124 1999 qui
1185 1914 1392 1978 etiam
1449 1936 1595 1978 rem
1662 1914 1875 1999 gessit
1941 1914 2014 1979 in
2076 1915 2382 1997 Graecia,
2448 1921 2525 1978 ut
2570 1920 2796 1979 aucto-

452 2021 726 2086 ritatem
794 2042 986 2085 suam
1065 2022 1471 2086 restitueret.
1555 2021 1951 2086 Pactionem
2024 2028 2251 2087 autem
2321 2022 2622 2086 inierunt
2681 2019 2794 2102 (cf.

453 2150 521 2214 p.
595 2127 767 2210 146),
831 2149 965 2213 qua
1024 2127 1339 2214 pactione
1404 2127 1768 2192 Corinthus
1837 2135 1907 2192 et
1976 2127 2227 2213 Sicyon
2254 2129 2356 2192 .in
2424 2127 2800 2193 Ptolemaei

453 2240 791 2321 potestate
870 2240 1283 2316 manserunt,
1367 2234 1667 2320 Megara,
1748 2235 2014 2299 Chalcis
2092 2242 2157 2299 et
2226 2235 2506 2300 Euboea
2573 2235 2797 2299 denuo

455 2340 819 2406 Cassandri
863 2340 1057 2406 fiunt.
1149 2342 1380 2405 Etiam
1452 2341 1600 2406 aliis
1669 2342 1743 2405 in
1790 2342 2177 2427 regionibus
2218 2339 2597 2407 Cassander
2644 2362 2796 2406 auc-

455 2448 799 2513 toritatem
867 2470 1059 2513 suam
1121 2448 1443 2532 firmavit,
1492 2449 1565 2513 in
1612 2449 1845 2536 Epiro,
1892 2450 2200 2532 AtheniS,
2251 2449 2520 2532 Thebis,
2567 2448 2798 2535 Mega-

457 2554 772 2641 lopolide.

512 2662 637 2727 'Et
683 2664 846 2729 dum
891 2664 962 2728 hi
1005 2663 1345 2752 principes
1390 2664 1650 2729 viribus
1690 2663 2101 2748 crescebant,
2145 2664 2476 2750 Antigoni
2500 2663 2800 2730 conditio

456 2771 820 2859 praecipue
864 2771 1071 2836 caede
1117 2770 1413 2836 filiorum
1458 2771 1835 2836 Alexandri
1883 2772 2249 2836 admodum
2276 2771 2634 2836 debilitata
2655 2778 2798 2836 est:

459 2879 622 2943 dum
688 2878 789 2944 illi
857 2878 1038 2942 enim
1106 2878 1456 2961 vivebant,
1526 2879 1797 2944 nomine
1862 2880 2051 2964 regio
2117 2885 2469 2965 tamquam
2535 2880 2802 2966 imperii

457 2992 852 3073 procurator
896 2985 1173 3071 reliquis
1217 2985 1639 3073 principibus
1688 2986 2085 3051 adversatus
2133 2993 2297 3070 erat,
2345 3008 2526 3051 nunc
2551 2992 2799 3071 autem,

460 3092 796 3158 defunctis
841 3092 993 3176 illis,
1041 3093 1228 3159 nullo
1268 3092 1422 3178 jure
1461 3093 1590 3157 niti
1633 3093 1878 3180 potuit,
1928 3115 2061 3178 quo
2085 3115 2228 3159 sese
2252 3101 2488 3159 contra
2509 3094 2802 3179 reliquos

459 3200 798 3288 principes
846 3200 1223 3264 sustineret.

548 3305 742 3385 Quod
813 3313 1039 3371 autem
1107 3329 1370 3394 semper
1436 3307 1564 3372 hoc
1632 3309 1993 3394 prohibere
2061 3308 2135 3372 in
2197 3308 2422 3373 animo
2482 3307 2800 3391 habebat,

460 3415 818 3500 quominus
879 3413 1124 3499 reliqui
1189 3421 1535 3501 praetores
1598 3413 1712 3500 jus
1781 3415 2144 3503 imperium
2212 3414 2339 3479 sibi
2407 3414 2804 3479 vindicandi
2866 3434 2870 3439 ·

461 3520 1011 3608 adipiscerentur,
1061 3521 1357 3586 ostendit
1402 3523 1610 3587 caede
1651 3521 2051 3609 Cleopatrae
2077 3521 2164 3605 3);
2213 3544 2390 3608 quae
2412 3521 2802 3587 Ptolemaeo

459 3634 758 3714 nuptura
820 3634 984 3710 erat,
1050 3629 1243 3712 eique
1290 3635 1642 3714 tamquam
1688 3630 1931 3694 marito
1977 3630 2219 3694 unicae
2267 3629 2532 3694 heredis
2579 3628 2801 3714 legiti-

459 3757 629 3817 mae,
709 3734 866 3818 jura
935 3735 1272 3821 quaedam
1339 3737 1606 3823 imperii
1677 3736 2198 3801 administrandi
2268 3736 2558 3801 allatura
2621 3742 2799 3817 erat3

460 3864 617 3906 nam
688 3842 896 3907 etiam
964 3864 1145 3906 nunc
1212 3842 1600 3929 Antigonus
1671 3843 1754 3908 de
1822 3843 1950 3908 hac
2021 3844 2416 3930 quaestione
2477 3842 2800 3907 certabat.

462 3947 625 4013 Sine
671 3949 877 4015 dubio
927 3956 1152 4014 autem
1199 3949 1441 4035 reliqui
1486 3946 1851 4038 praetoreS,
1909 3948 2308 4033 Cassander,
2354 3949 2801 4036 Lysimachus

461 4062 527 4120 et
572 4056 1001 4121 Ptolemaeus
1046 4057 1272 4143 parati
1320 4063 1513 4122 erant
1558 4057 1925 4123 concedere
1971 4056 2320 4143 Antigono
2376 4057 2805 4145 provinciam

515 4312 559 4379 1)
598 4314 742 4368 Plut.
782 4314 851 4368 de
889 4315 1087 4369 vitioso
1128 4316 1343 4385 pudore
1378 4318 1411 4369 4
1451 4316 1642 4370 Moral.
1684 4334 1738 4385 p.
1781 4316 1887 4370 530
1922 4318 1984 4370 D.

517 4400 565 4469 2)
605 4402 763 4457 Diod.
803 4405 887 4458 20.
924 4404 1007 4458 28.
1047 4404 1096 4457 2.

517 4491 564 4560 3)
601 4492 761 4548 Diod.
800 4494 884 4547 20.
922 4494 1007 4547 37.
1046 4494 1096 4547 3.
