3338 5350
1693 537 1778 602 18

571 737 675 801 dis
760 742 1123 825 postquam
1206 757 1247 800 a
1331 733 1652 822 Philippo
1721 740 1924 822 capta
1983 739 2105 817 est,
2164 754 2384 821 pauca
2451 733 2752 798 dicamus
2820 733 2907 797 de

566 846 844 911 notione
886 844 1224 910 libertatis
1262 851 1340 909 ut
1386 844 1567 931 apud
1615 843 1910 908 Graecos
1955 842 2236 929 vigebat
2279 863 2550 907 necesse
2574 848 2695 925 est,
2744 862 2905 926 quo-

568 953 755 1018 niam
821 953 996 1018 ratio
1056 974 1230 1037 quae
1296 950 1762 1016 intercedebat
1830 950 2011 1015 inter
2077 950 2279 1015 urbes
2348 948 2642 1015 Graecas
2687 948 2905 1014 victas

571 1067 640 1124 et
682 1060 1010 1126 victorem
1076 1059 1350 1124 omnino
1422 1056 1850 1145 discrepabat
1898 1079 1939 1121 a
1982 1056 2370 1122 notionibus
2439 1057 2525 1121 de
2589 1055 2906 1121 libertate

569 1174 640 1232 et
685 1167 770 1232 de
820 1166 1226 1249 autonomia,
1275 1187 1448 1251 quae
1492 1165 1740 1230 nostris
1783 1164 2199 1252 temporibus
2243 1186 2371 1229 usu
2391 1169 2705 1251 receptae
2725 1168 2902 1227 sunt.

656 1274 790 1340 Per
833 1273 1062 1339 omnia
1105 1279 1415 1360 tempora
1475 1271 1772 1338 formula
1816 1271 2061 1360 plenae
2106 1270 2440 1336 libertatis
2498 1270 2574 1333 in
2619 1269 2907 1334 Graecia

568 1388 646 1445 ut
689 1380 943 1446 tradita
989 1387 1093 1445 est
1138 1402 1179 1445 a
1224 1379 1512 1465 Polybio
1552 1381 1612 1443 4.
1641 1380 1748 1444 25.
1778 1380 1836 1443 7.
1887 1379 1959 1443 in
2007 1400 2134 1444 usu
2188 1383 2352 1443 erat.
2401 1376 2589 1455 Quae
2612 1375 2907 1441 formula

569 1487 664 1553 sic
726 1487 951 1553 audit:
1009 1485 1101 1550 ὅτι
1167 1487 1410 1558 πάντας
1453 1485 1695 1558 τούτους
1743 1484 2351 1558 ἀποκαταστήσουσιν
2412 1484 2498 1556 εἷς
2543 1482 2627 1546 τοὶ
2673 1481 2904 1562 πάτρια

569 1593 1006 1671 πολιτεύματα
1044 1594 1256 1674 χώραν
1299 1593 1565 1675 ἔχοντας
1591 1593 1834 1666 καὶτὰς
1860 1593 2064 1664 πόλεις
2088 1592 2204 1664 τας
2229 1593 2447 1671 αὑτῶν,
2474 1591 2907 1672 ἀφρουρήτους,

567 1702 1058 1783 ἀφορολογήτους
1119 1699 1477 1781 ἐλευθέρους
1540 1700 1717 1774 ὄντας
1767 1694 2099 1772 ἁτολιτείαις
2161 1699 2268 1764 καὶ
2309 1697 2503 1776 νόμοις
2552 1696 2905 1777 χρωμένους

566 1814 692 1881 τοῖς
757 1808 1052 1889 πατρίοις.
1118 1809 1358 1894 Neque
1420 1815 1687 1874 tantum
1750 1809 1952 1873 tertio
2015 1806 2238 1872 seculo
2286 1806 2454 1871 haec
2500 1803 2792 1871 formula
2835 1804 2912 1868 in

564 1939 691 1981 usu
777 1922 954 1999 erat3
1041 1916 1224 1981 tituli
1306 1916 1565 2004 publici
1633 1922 1701 1980 et
1775 1936 2001 1980 rerum
2067 1914 2422 2002 scriptores
2485 1911 2906 2000 superiorum

564 2029 967 2112 temporum,
1032 2029 1303 2088 tantum
1368 2044 1507 2088 non
1551 2023 1796 2088 iisdem
1877 2021 2125 2106 verbis,
2169 2021 2440 2086 easdem
2484 2018 2904 2084 conditiones

563 2128 898 2195 libertatis
946 2130 1152 2195 etiam
1198 2135 1400 2195 antea
1446 2129 1747 2215 viguisse
1788 2129 1987 2194 nobis
2039 2128 2505 2193 demonstrant
2529 2125 2600 2210 1).

653 2236 1188 2322 Distinguendae
1257 2236 1470 2322 igitur
1537 2243 1697 2301 sunt
1739 2237 2043 2322 quinque
2101 2234 2540 2317 conditioneS,
2606 2232 2905 2317 quinque

562 2343 815 2428 gradus
868 2343 1222 2408 libertatis.
1313 2343 1639 2426 Primum,
1703 2349 1782 2407 ut
1818 2341 1932 2428 jus
1977 2341 2275 2407 civitatis
2320 2341 2671 2429 proprium
2737 2339 2903 2404 civi-

564 2448 690 2514 bus
738 2457 1031 2534 maneat,
1103 2457 1314 2537 utque
1365 2450 1776 2516 territorium
1840 2449 2116 2535 aliquod
2161 2455 2485 2531 servetur,
2530 2448 2602 2512 in
2647 2468 2782 2533 quo
2828 2445 2904 2510 hi

565 2555 748 2621 cives
815 2556 1146 2641 habitent,
1218 2557 1364 2624 sive
1410 2558 1484 2622 id
1536 2557 1965 2622 contineatur
2029 2555 2501 2620 tantummodo
2569 2555 2715 2641 ipso
2761 2552 2903 2619 solo

564 2661 638 2727 in
685 2686 819 2749 quo
867 2670 1048 2730 stent
1091 2665 1360 2731 moenia
1403 2663 1611 2748 urbis,
1658 2664 1803 2730 sive
1849 2663 2177 2752 ampliore
2235 2664 2383 2729 loco
2429 2670 2621 2730 extra
2662 2661 2904 2727 urbem

565 2770 771 2835 etiam
813 2773 1222 2858 pertinente.
1316 2770 1667 2837 Secundus
1735 2779 1814 2836 ut
1880 2773 2040 2838 urbs
2110 2794 2329 2839 vacua
2393 2770 2732 2860 praesidio
2792 2767 2900 2832 sit.

563 2874 828 2943 Tertius
896 2885 973 2944 ut
1038 2878 1256 2944 libera
1327 2880 1415 2945 sit
1479 2902 1519 2945 a
1578 2879 1853 2945 tributis
1921 2878 2237 2945 ferendis.
2332 2880 2623 2959 Quartus
2690 2883 2769 2940 ut
2814 2875 2905 2940 sit

565 2981 889 3064 ἐλευθέρα,
936 2987 980 3050 i.
1027 3009 1081 3051 e.
1132 2993 1211 3051 ut
1240 2987 1353 3072 jus
1397 2987 1585 3075 pacis
1633 2993 1702 3052 et
1746 2987 1910 3052 belli
1955 2988 2299 3073 integrum
2337 2987 2445 3070 sit,
2492 2992 2570 3050 ut
2613 2984 2676 3049 ei
2698 2984 2903 3048 liceat

561 3091 908 3177 pactiones
970 3090 1194 3159 facere
1254 3115 1407 3159 cum
1466 3094 1779 3160 externis.
1872 3095 2162 3174 Quintus
2206 3101 2286 3159 ut
2327 3094 2411 3158 iis
2455 3091 2784 3158 institutis
2833 3097 2902 3154 et

558 3198 823 3284 legibus
869 3205 1122 3284 utatur,
1168 3200 1412 3286 quibus
1458 3200 1623 3289 ipsis
1667 3200 1930 3267 civibus
1976 3201 2327 3289 placuerit.

651 3304 726 3370 Si
761 3305 985 3393 prima
1051 3307 1348 3373 conditio
1418 3329 1558 3373 non
1603 3314 1932 3391 servatur,
2006 3308 2063 3372 si
2107 3329 2247 3373 non
2294 3306 2583 3395 amplius
2630 3305 2903 3391 integra

559 3419 839 3478 manent
904 3414 1317 3479 territorium
1362 3415 1660 3480 civitatis
1707 3421 1779 3480 et
1838 3414 1951 3500 jus
1997 3415 2315 3498 civitatiS,
2364 3414 2555 3478 deest
2599 3412 2900 3478 conditio

559 3518 789 3584 vitalis
834 3520 1160 3606 cujusque
1195 3522 1294 3586 rei
1315 3520 1649 3609 publicae.
1698 3522 2109 3609 Exemplum
2154 3521 2450 3588 civitatis
2475 3542 2651 3606 quae
2675 3518 2900 3584 deleta

560 3626 650 3690 sit
692 3646 848 3691 cum
893 3625 1230 3693 deleretur
1267 3628 1380 3713 jus
1438 3628 1791 3716 proprium
1859 3629 2177 3712 civitatiS,
2224 3627 2507 3716 praebet
2567 3626 2725 3692 urbs
2772 3623 2897 3690 Go-

558 3731 822 3796 rinthus
869 3746 953 3799 a0.
1001 3734 1132 3799 392
1204 3735 1289 3836 ab
1346 3733 1626 3820 Argivis
1673 3734 1747 3799 in
1791 3734 2141 3800 civitatem
2186 3733 2603 3821 Argivorum
2646 3733 2748 3797 ita
2794 3754 2897 3797 re·

610 3944 659 4010 1)
714 3945 883 4000 Thuc.
941 3946 991 4000 5.
1050 3947 1135 4002 79.
1192 3947 1260 4001 de
1315 3946 1664 4016 temporibus
1735 3947 1865 4000 belli
1933 3947 2413 4017 Peloponnesiaci:
2489 3946 2581 3996 ταὶ
2632 3945 2686 3996 δὲ
2743 3944 2896 3996 ἄλλαι

557 4037 719 4091 πόλιες
771 4034 862 4085 ταὶ
913 4035 963 4088 ἂν
1000 4036 1346 4099 Πελοποννάσῳ
1397 4038 1724 4086 κοινανεόντων
1758 4040 1856 4085 τᾶν
1895 4035 2103 4089 aava&
2140 4036 2228 4087 καὶ
2262 4041 2356 4095 τᾶς
2391 4034 2688 4099 ξυμμαχίας
2724 4034 2900 4088 αὐτ-ὀνο

558 4139 641 4182 μοι
695 4126 779 4175 καὶ
834 4122 1139 4193 αὗτοπόλιες,
1198 4127 1290 4174 τὰν
1346 4122 1507 4174 αὑτῶν
1555 4122 1775 4187 ἔχοντες,
1810 4127 1980 4174 κατ-τα
2013 4126 2201 4188 πάτρια
2238 4125 2376 4183 δίκας
2411 4124 2620 4183 διδόντες
2657 4128 2750 4182 τὰς
2781 4124 2898 4182 ’lo-ac

558 4209 644 4261 καῖ
677 4213 848 4273 ὁμοίως
884 4231 931 4267 e.
971 4231 1019 4268 a.
1060 4214 1210 4284 apud
1248 4215 1419 4270 Thuc.
1476 4216 1556 4268 De
1598 4231 1744 4269 anno
1783 4215 1888 4269 378
1907 4216 2148 4270 Dittenb.
2187 4216 2326 4271 80..
2367 4213 2634 4283 ἐλευθέργνι
2671 4213 2774 4265 ’όντι
2813 4214 2901 4264 καὶ

555 4300 843 4361 aba-oubam,
898 4305 1313 4371 πολιτ(ευομέν)ωι
1366 4306 1620 4355 πολιτείαν
1676 4305 1730 4363 ἣν
1767 4305 1823 4355 ἂν
1860 4308 2085 4367 βάληται,
2121 4304 2249 4366 μήτε
2284 4306 2500 4371 (wanka
2536 4303 2900 4367 εἶσδεχομένωι,

555 4389 685 4449 μήτε
721 4393 855 4453 Φάρον
892 4392 1099 4458 φέροντι.
1139 4393 1398 4448 Ceterum
1437 4396 1506 4447 cf.
1526 4394 1685 4449 Diod.
1712 4394 1792 4448 19.
1815 4394 1900 4447 61.
1922 4394 1972 4448 3.
2010 4394 2293 4449 Demosth.
2316 4394 2437 4447 327.
2460 4394 2509 4448 9.
2556 4394 2704 4447 Plut.
2740 4393 2899 4447 Titus

558 4476 642 4530 10.
685 4478 833 4533 Aem.
873 4482 1047 4535 Paull.
1089 4481 1172 4534 28.
1210 4482 1403 4547 Polyb.
1441 4483 1528 4535 46.
1565 4482 1615 4536 5.
1653 4483 1905 4553 Xenoph.
1943 4483 2080 4536 Hell-
2120 4484 2171 4536 6.
2209 4483 2259 4537 3.
2301 4483 2386 4538 18.
