3338 5350
1676 537 1765 602 86

543 734 897 805 Leonnato
966 739 1034 796 et
1076 732 1441 797 Perdiccae
1505 732 1726 819 primo
1793 732 1939 798 loco
2008 733 2390 817 nominatis,
2452 739 2528 799 ut
2590 735 2885 820 videtur,

545 839 851 905 custodia
895 837 1019 903 filii
1064 836 1343 903 infantis
1392 861 1475 903 ex
1518 839 1802 904 Roxane
1849 840 2201 904 commissa
2246 845 2394 905 erat
2416 842 2485 921 ¹).

635 944 772 1010 Sed
818 944 1070 1030 gradus
1115 945 1467 1030 dignitatis
1513 950 1583 1010 et
1629 946 1905 1030 negotia
1951 967 2127 1032 quae
2182 945 2465 1032 singulis
2510 948 2885 1013 committe·

544 1052 796 1117 bantur
839 1050 1040 1116 valde
1088 1050 1587 1139 discrepabant.
1682 1052 2095 1139 Praecipuus
2140 1051 2355 1118 honor
2397 1059 2478 1117 ut
2520 1059 2686 1119 tunc
2729 1076 2888 1120 con-

545 1159 819 1224 stitutus
864 1164 966 1223 est
1014 1157 1284 1224 decreto
1330 1157 1708 1224 nobilitatis
1754 1157 2150 1225 confirmato
2176 1182 2216 1224 a
2241 1160 2552 1226 contione
2573 1159 2791 1248 plebis
2813 1163 2886 1246 ²),

542 1265 676 1331 fuit
748 1264 1244 1331 chiliarchatus.
1337 1265 1486 1331 Hoc
1577 1287 1825 1331 munus
1917 1287 2050 1353 quo
2139 1272 2295 1354 post
2363 1267 2889 1355 Hephaestionis

542 1378 829 1438 mortem
871 1393 1071 1438 nemo
1118 1370 1406 1459 amplius
1450 1372 1847 1460 perfunctus
1895 1379 2040 1439 erat
2087 1372 2198 1455 (cf.
2237 1395 2303 1460 p.
2354 1374 2486 1457 66,)
2525 1372 2890 1442 Perdiccae

541 1481 969 1546 commissum
1014 1487 1135 1563 est,
1184 1481 1300 1566 qui
1336 1478 1484 1565 jam
1531 1480 1616 1545 ab
1662 1480 2053 1546 Alexandro
2077 1479 2299 1546 adhuc
2322 1481 2585 1546 viventi
2607 1481 2892 1548 anulum

543 1589 805 1674 regium
852 1593 1204 1674 acceperat
1226 1585 1296 1670 ³),
1359 1608 1563 1674 quem
1609 1589 1819 1652 etiam
1862 1608 2046 1652 nunc
2088 1593 2473 1653 retenturus
2519 1594 2683 1672 erat,
2732 1612 2891 1656 cum

543 1695 783 1761 eodem
848 1701 1173 1782 tempore,
1242 1699 1482 1781 utpote
1548 1693 1972 1777 chiliarchus,
2041 1716 2342 1760 summus
2406 1696 2544 1760 dux
2590 1697 2891 1762 universi

545 1802 874 1868 exercitus
942 1800 1212 1866 futurus
1259 1807 1433 1866 esset
1454 1799 1545 1884 ⁴);
1605 1801 1922 1889 princeps
1993 1822 2154 1887 ergo
2199 1800 2471 1867 futurus
2520 1809 2665 1868 erat
2708 1805 2890 1869 inter

539 1931 778 1997 regum
846 1914 1122 1991 tutores,
1193 1907 1527 1995 simulque
1596 1914 2026 1996 suscepturus
2096 1914 2238 1972 erat
2308 1930 2541 1973 curam
2600 1909 2888 1997 imperii.

540 2015 756 2083 Juxta
822 2037 979 2081 eum
1046 2016 1436 2080 Leonnatus
1504 2016 1910 2080 constitutus
1980 2021 2081 2080 est
2148 2015 2386 2080 vicarii
2456 2014 2600 2101 ejus
2669 2017 2890 2085 instar

544 2122 980 2210 (hyparchus)
1027 2121 1141 2187 vel
1183 2122 1409 2209 potius
1456 2121 1745 2187 fortasse
1790 2127 1868 2186 ut
1911 2120 2322 2211 hipparchus
2370 2122 2513 2208 ejus
2536 2122 2605 2205 5).
2685 2123 2886 2189 Anti-

540 2235 737 2317 pater
808 2235 1035 2294 autem
1104 2229 1343 2294 eodem
1409 2249 1689 2294 munere
1734 2231 2013 2314 strategi
2059 2231 2516 2314 autocratoriS‚
2566 2250 2700 2317 quo
2738 2229 2885 2316 jam

543 2337 702 2402 inde
752 2337 836 2402 ab
886 2358 1063 2402 anno
1111 2337 1241 2401 336
1288 2342 1564 2401 ornatus
1611 2342 1758 2401 erat
1780 2335 1829 2418 6)
1877 2334 2075 2421 fungi
2104 2336 2453 2424 pergebat,
2501 2336 2614 2402 vel
2658 2339 2887 2426 potius

546 2443 769 2508 denuo
811 2442 1290 2531 perfuncturus
1338 2449 1483 2508 erat
1506 2445 1593 2531 ⁷);
1656 2464 1812 2509 cum
1871 2442 2262 2508 Alexander
2307 2464 2462 2508 eum
2499 2442 2649 2530 jam
2692 2467 2888 2511 revo-

542 2551 832 2616 cavisset
898 2557 968 2616 et
1034 2547 1386 2615 Craterum
1463 2556 1542 2615 ut
1601 2571 2048 2615 successorem
2109 2548 2253 2635 ejus
2300 2551 2372 2614 in
2417 2550 2891 2617 Macedoniam

544 2657 831 2724 misisset
852 2657 936 2740 ⁸);
1007 2678 1295 2743 regnum
1339 2655 1798 2740 Macedoniae,
1845 2656 2221 2722 civitatium
2267 2656 2769 2724 foederatarum
2816 2664 2891 2724 et

545 2764 868 2830 Graeciae
937 2766 997 2830 ei
1058 2764 1618 2830 committendum
1662 2769 1828 2848 erat,
1892 2770 1962 2829 et
2005 2766 2148 2830 sine
2193 2765 2397 2832 dubio
2446 2766 2649 2831 etiam
2695 2787 2889 2854 prae-

592 3069 642 3126 1)
682 3069 908 3125 Curtius
946 3070 1030 3124 10.
1072 3071 1121 3124 7.
1159 3070 1225 3123 8:
1271 3073 1517 3138 „tutores
1554 3069 1796 3123 destinat
1831 3068 1944 3123 filio
1983 3086 2054 3123 ex
2088 3070 2317 3125 Roxane
2348 3070 2538 3125 futuro
2559 3069 2888 3125 Perdiccam

547 3162 634 3228 „et
669 3160 1036 3223 Leonnatum,
1073 3160 1244 3228 stirpe
1281 3158 1434 3229 regia
1471 3155 1743 3228 genitos.”

590 3248 637 3314 2)
675 3248 961 3317 Dexippus
1014 3250 1081 3302 fr.
1145 3249 1192 3301 1.
1256 3249 1307 3297 οἵ
1361 3246 1497 3311 ἀμφὶ
1549 3245 1819 3308 Περδίκκαν
1855 3247 1901 3296 οἳ
1935 3248 2080 3310 κρίσει
2117 3253 2214 3297 τῶν
2251 3246 2534 3299 Μακεδόνων
2571 3245 2887 3311 ἐπετρόπευον

542 3335 731 3396 αὐτοῖς.

591 3424 640 3489 3)
678 3426 799 3480 Arr.
840 3427 935 3492 §3-
974 3423 1055 3490 ἐφ’
1091 3423 1125 3489 ᾧ
1162 3425 1426 3488 Περδίκκαν
1462 3428 1753 3490 χιλιαρχεῖν
1788 3427 2087 3490 χιλιαρχίας
2123 3423 2178 3484 ἧς
2213 3424 2357 3490 ἦρχεν
2394 3429 2718 3491 Ἡφαιστίων,
2751 3432 2810 3479 τὸ
2829 3427 2886 3479 δὲ

538 3512 592 3573 ἦν
639 3511 871 3577 ἐπιτροπὴ
924 3520 1014 3573 τῆς
1052 3515 1317 3577 συμπάσης
1353 3516 1630 3577 βασιλείας.
1669 3516 1902 3586 Dexipp.
1939 3517 2005 3570 fr.
2029 3517 2075 3570 1.
2121 3516 2346 3572 Curtius
2384 3516 2468 3572 10.
2499 3517 2548 3570 6.
2590 3517 2672 3570 18.
2714 3518 2885 3582 „Per-

540 3604 754 3659 diccam
793 3605 939 3675 regis
976 3606 1209 3660 anulum
1248 3605 1444 3660 tollere
1476 3603 1800 3673 jubebant.’'

589 3691 639 3742 4)
685 3693 843 3748 Diod.
901 3693 983 3748 18.
1042 3694 1126 3746 23.
1187 3694 1236 3747 2.
1293 3692 1548 3756 παρέλαβε
1602 3696 1698 3751 τὰς
1753 3696 2024 3756 βασιλικὰς
2079 3693 2324 3756 δυνάμεις.
2379 3695 2563 3751 Justin
2619 3695 2702 3749 13.
2742 3696 2791 3759 4,
2831 3698 2886 3751 5,

548 3785 893 3849 „castrorum
932 3786 989 3837 et
1041 3782 1318 3837 exercitus
1374 3786 1429 3837 et
1465 3800 1662 3854 regum
1702 3800 1837 3838 cura
1873 3782 2151 3854 Meleagro
2206 3785 2359 3849 (ante
2409 3801 2538 3838 eum
2574 3785 2887 3852 Leonnato)

540 3873 597 3923 et
633 3870 929 3926 Perdiccae
971 3869 1340 3941 assignatur.’'

590 3958 637 4025 5)
672 3959 792 4013 Arr.
840 3976 956 4014 exc.
999 3961 1079 4025 §3
1118 3958 1398 4023 Μελέαγρον
1437 3961 1547 4027 (hic
1585 3960 1732 4015 enim
1766 3961 2051 4015 Leonnato
2091 3977 2379 4016 successor
2407 3961 2532 4029 fuit)
2571 3959 2623 4011 δὲ
2661 3962 2884 4026 ὕπαρχον

532 4048 808 4111 Περδίκκου,
844 4051 1078 4106 fortasse
1115 4054 1369 4120 praestat
1408 4050 1593 4120 legere
1628 4052 1899 4112 ἵπαρκοό·

591 4136 641 4204 6)
680 4138 746 4192 cf.
783 4156 954 4208 supra
989 4157 1043 4209 p.
1083 4140 1169 4194 66.

590 4226 641 4284 7)
677 4228 796 4282 Arr.
856 4228 957 4298 §3
1010 4226 1091 4293 ἐφ’
1142 4226 1176 4292 ᾧ
1227 4229 1556 4290 Ἀντίπατρον
1605 4229 1696 4290 μὲν
1732 4230 2012 4292 στρατηγὸν
2047 4225 2167 4279 εἶναι
2205 4234 2304 4279 τῶν
2338 4232 2474 4279 κατὰ
2509 4230 2600 4287 τὴν
2638 4228 2886 4293 Εὖρῶπην.

539 4313 764 4369 Curtius
818 4316 898 4370 10.
940 4317 988 4369 7.
1030 4317 1078 4370 9.
1126 4317 1361 4387 „adjecit
1398 4320 1463 4372 ut
1500 4318 1554 4370 in
1599 4318 1827 4387 Europa
1870 4317 2132 4372 Craterus
2174 4321 2230 4373 et
2264 4317 2553 4388 Antipater
2581 4336 2671 4374 res
2707 4320 2888 4376 admi-

540 4403 888 4458 nistrarent.'’

600 4491 646 4558 8)
683 4492 802 4546 Arr.
827 4494 891 4566 ¹7.
933 4495 1014 4547 12.
1054 4495 1103 4547 4.
1143 4495 1339 4550 Justin.
1380 4496 1462 4548 12.
1504 4496 1586 4548 12.
1625 4496 1677 4549 9.
