3338 5350
1753 505 1844 573 80

622 703 932 769 nondum
979 726 1230 790 magna
1275 726 1429 769 cum
1478 726 1639 770 cura
1665 705 2118 786 exercebatur,
2147 726 2443 791 expensa
2461 705 2965 790 requirerentur

623 832 894 875 necesse
939 810 1090 893 fuit,
1136 818 1281 876 tam
1325 812 1689 904 ordinaria,
1738 833 1944 898 quam
1990 812 2544 893 extraordinaria,
2591 813 2664 876 in
2727 835 2959 878 curam

627 918 890 982 viarum
939 924 1006 982 et
1052 924 1371 1005 portuum
1416 925 1486 984 et
1531 918 1772 983 talium
1817 940 2059 983 rerum.
2128 918 2314 983 Haec
2354 920 2582 984 omnia
2633 926 2964 1005 quantum

620 1024 967 1111 pertinent,
1014 1026 1100 1089 ad
1147 1025 1805 1103 administrationem
1848 1024 2196 1111 publicam
2234 1025 2522 1112 satrapis
2571 1026 2965 1111 adjudicata

625 1138 837 1195 erant.
899 1131 1206 1216 Reliquis
1255 1153 1520 1218 quoque
1565 1132 2074 1217 magistratibus
2127 1132 2635 1219 provinciarum
2680 1132 2748 1197 et
2791 1139 2962 1198 stra—

623 1238 798 1323 tegis
880 1240 949 1302 et
1035 1239 1415 1303 nomarchis
1482 1260 1779 1326 expensa
1824 1244 2008 1303 certa
2045 1237 2362 1303 facienda
2423 1246 2635 1303 erant.
2707 1238 2963 1327 Utique

625 1344 952 1410 militibus
1041 1347 1519 1410 mercennariis
1604 1326 2020 1434 stipendium
2107 1347 2256 1421 dari
2326 1348 2647 1433 oportuit,
2715 1346 2963 1431 reliqui

623 1451 872 1516 milites
920 1451 1148 1517 alendi
1193 1459 1408 1517 erant.
2104 1468 2113 1477 “
2168 1532 2176 1538 ,

708 1558 1041 1645 Expensis
1086 1558 1211 1624 sub
1256 1557 1647 1627 Alexandro
1686 1581 1846 1646 rege
1876 1559 2414 1647 prospiciebatur
2459 1582 2499 1624 a
2547 1559 2961 1645 magistrati·

620 1665 745 1729 bus
812 1665 1057 1751 quibus
1124 1689 1231 1731 res
1290 1667 1684 1754 pecuniaria
1753 1666 2107 1732 commissa
2170 1673 2342 1748 erat;
2442 1667 2822 1731 nomarcbis
2891 1674 2963 1731 et

617 1770 981 1859 hyparchis
1030 1773 1115 1838 ad
1161 1772 1283 1838 has
1320 1794 1427 1838 res
1467 1763 1924 1860 expediendas
1949 1795 2177 1838 rursus
2205 1774 2641 1859 magistratus
2667 1773 2961 1838 minores

616 1885 885 1965 praesto
931 1886 1142 1944 erant.
1235 1878 1571 1946 Audimus
1594 1881 1648 1967 1)
1710 1902 1941 1945 curam
2006 1881 2272 1945 viarum
2318 1881 2393 1945 in
2432 1879 2817 1966 Babylonia
2870 1881 2957 1944 ab

617 1986 1008 2052 Alexandro
1055 1988 1481 2054 commissam
1543 2009 1688 2053 esse
1739 1986 2095 2052 Antimeni
2168 1987 2440 2052 cuidam
2476 1987 2768 2070 Rhodio,
2815 2009 2958 2052 ma—

617 2094 932 2179 gistratui
999 2093 1303 2182 Harpalo
1372 2094 1676 2180 subjecto
1723 2094 2008 2176 scilicet3
2061 2095 2393 2181 pecuniae
2438 2116 2613 2180 quae
2657 2093 2814 2160 huic
2858 2094 2960 2159 rei

615 2200 1150 2286 requirebantur,
1221 2203 1595 2287 exigendae
1639 2207 1834 2267 erant
1880 2224 1917 2266 e
1964 2202 2284 2288 portorio,
2358 2202 2540 2287 quod
2585 2201 2960 2289 recipiebat

619 2307 702 2372 ab
749 2308 831 2372 iis
876 2308 997 2394 qui
1040 2308 1170 2374 viis
1215 2307 1351 2373 ilh's
1417 2308 1863 2392 vehebantur,
1913 2314 1981 2372 et
2024 2308 2199 2373 ratio
2244 2307 2567 2372 nimirum
2608 2308 2958 2373 reddenda

616 2420 763 2479 erat
831 2415 1012 2502 apud
1059 2414 1469 2497 thesaurum,
1522 2416 1608 2480 ad
1658 2436 1862 2501 quem
1909 2416 2113 2480 etiam
2162 2415 2254 2501 id,
2327 2415 2510 2500 quod
2557 2420 2955 2502 superesset,

593 2520 931 2586 deferret.
1023 2522 1254 2587 Etiam
1323 2523 1633 2587 audimus
1656 2523 1705 2605 2)
1753 2523 1825 2586 in
1882 2521 2199 2610 Aegypto
2246 2520 2455 2588 fuisse
2504 2521 2954 2605 Cleomenem,

619 2629 735 2715 qui
809 2630 1287 2695 mercennariis
1356 2628 1705 2713 militibus,
1763 2630 1883 2716 qui
1948 2628 2093 2694 illic
2163 2629 2467 2710 aderant,
2540 2629 2956 2717 stipendium

615 2736 1047 2823 persolveret.
1139 2736 1330 2803 Haec
1374 2737 1601 2803 omnia
1650 2759 1946 2825 expensa
1990 2736 2269 2803 fuerunt
2320 2738 2599 2825 imperii
2644 2742 2712 2802 et
2754 2738 2953 2823 regie,

616 2842 737 2908 sed
782 2865 867 2908 ex
912 2844 1237 2931 exemplis
1282 2845 1527 2910 nostris
1576 2851 1861 2931 apparet
1906 2866 1987 2909 ea
2027 2844 2199 2910 solvi
2247 2867 2285 2910 e
2325 2844 2632 2923 προσόδοις
2677 2845 2953 2932 provin-

616 2950 781 3032 ciae,
848 2951 1152 3038 pecuniis
1220 2952 1431 3037 igitur
1497 2950 1643 3037 ejus
1711 2950 2012 3016 thesauri
2080 2951 2195 3035 qui
2253 2952 2327 3016 in
2394 2951 2544 3038 ipsa
2601 2951 2955 3039 provincia

617 3057 782 3121 situs
830 3062 993 3140 erat,
1040 3057 1154 3122 vel
1199 3058 1287 3123 ad
1311 3079 1461 3123 eam
1497 3058 1921 3146 provinciam
1945 3056 2350 3144 pertinebat,
2378 3057 2950 3123 sustentabantur.

615 3164 812 3229 Hanc
858 3164 944 3228 ob
988 3186 1134 3229 rem
1179 3166 1539 3251 quotannis
1585 3187 1961 3252 permagna
2006 3185 2271 3229 summa
2315 3166 2645 3252 pecuniae
2686 3187 2952 3230 nomar-

615 3274 742 3339 cho
807 3273 910 3338 illi
979 3273 1462 3338 attribueretur
1500 3293 1771 3344 necesse
1818 3271 1970 3354 fuit,
2022 3292 2196 3357 quae
2241 3272 2617 3337 necessario
2660 3272 2953 3358 pecunia

612 3380 872 3444 incerta
932 3379 1083 3444 fuit.
1197 3378 1386 3444 Haec
1474 3380 1766 3466 pecunia
1844 3379 2117 3443 nomine
2187 3386 2456 3443 tantum
2528 3400 2564 3443 e
2633 3377 2952 3444 thesauro

614 3486 994 3568 tollebatur,
1063 3485 1345 3571 perinde
1413 3507 1491 3549 ac
1558 3486 1833 3551 nomine
1898 3491 2172 3550 tantum
2219 3506 2449 3549 omnes
2494 3484 2750 3550 reditus
2797 3506 2950 3572 pro-

614 3593 881 3658 vinciae
947 3591 1264 3657 thesauro
1326 3592 1544 3657 infere
1552 3593 1815 3658 bantur.
1884 3591 2180 3657 Ministri
2231 3594 2349 3678 qui
2410 3592 2498 3658 ad
2558 3592 2952 3657 thesaurum

613 3698 820 3764 libros
890 3705 959 3764 et
1027 3698 1288 3763 codices
1356 3699 1884 3787 perscribebant‚
1933 3721 2143 3784 quum
2185 3700 2443 3764 reditus
2492 3705 2573 3764 ut
2618 3705 2948 3786 acceptos,

614 3813 762 3870 tum
831 3807 1249 3891 erogationes
1317 3812 1396 3870 ut
1465 3828 1794 3893 expensas
1862 3804 2267 3871 referebant.
2380 3805 2652 3872 Revera
2717 3813 2952 3871 tamen

616 3934 912 4000 expensa
957 3913 1041 3976 de
1084 3911 1413 3977 reditibus
1464 3912 1993 3995 deducebantur,
2043 3917 2408 3998 antequam
2452 3913 2526 3977 hi
2569 3913 2656 3977 ad
2679 3911 2949 3978 thesau-

615 4034 768 4085 rum·
811 4020 1264 4106 pervenirent,
1332 4020 1406 4084 in
1473 4019 1789 4086 thesauro
1834 4018 2007 4086 nihil
2054 4018 2241 4084 aliud
2287 4019 2770 4106 deponebatur,
2815 4020 2953 4085 nisi

616 4126 905 4213 pecunia
950 4148 1123 4212 quae
1168 4115 1501 4208 restabat3
1549 4127 1844 4191 rationes
1892 4131 2119 4190 autem
2165 4127 2372 4190 etiam
2415 4126 2556 4190 illic
2581 4125 2949 4191 servaban-

663 4357 713 4424 1)
749 4358 974 4416 Aristot.
1014 4358 1382 4414 Oeconomica
1417 4376 1469 4428 p.
1510 4358 1663 4412 1352.
1706 4357 1766 4408 B.
1788 4358 1821 4409 i.
1844 4357 1879 4409 f.

667 4448 715 4515 2)
752 4448 979 4502 Aristot.
1019 4447 1389 4503 Oeconomica
1423 4465 1475 4517 p.
1518 4446 1673 4500 1353.
1712 4447 1771 4500 B.
