3338 5350
1518 447 1607 512 49

401 668 763 735 operarum
810 653 877 711 et
920 645 1334 731 reliquorum
1378 644 1807 710 tributorum.
1895 643 1944 709 J
1944 665 2063 709 ure
2125 665 2285 710 vero
2344 644 2451 709 vir
2496 644 2733 711 doctus

404 752 730 819 Schaefer
793 753 1160 836 (Demosth.
1233 754 1295 817 3.
1344 753 1446 817 71.
1497 773 1652 817 ann.
1709 753 1793 836 1.)
1860 750 2202 816 concludit
2267 750 2732 816 Alexandrum

397 866 634 947 postea
687 860 817 925 hoc
882 859 1320 947 privilegium
1385 858 1759 924 necessario
1828 858 2094 923 dedisse
2137 858 2536 946 propinquis
2579 857 2727 922 uni-

399 987 752 1032 versorum
796 966 1244 1031 Macedonum
1289 967 1433 1030 acie
1479 986 1846 1030 caesorum.

493 1072 772 1137 Praeter
841 1072 1223 1158 vectigalia,
1292 1093 1412 1137 rex
1481 1071 1690 1136 etiam
1770 1071 1920 1137 aliis
1985 1070 2317 1136 reditibus
2363 1069 2733 1136 fruebatur.

399 1179 692 1244 Praedia
736 1179 925 1265 regia
971 1185 1040 1244 et
1075 1178 1468 1262 latifundia,
1507 1179 1650 1244 sive
1676 1178 1822 1264 agri
1848 1179 1992 1244 sive
2016 1177 2294 1244 metalla
2318 1178 2380 1243 ei
2406 1178 2736 1243 maximas

404 1306 564 1372 opes
611 1285 1088 1373 praebuerunt.

386 1462 391 1469 ,
491 1392 869 1480 Praecipua
915 1391 1192 1458 fuerunt
1238 1391 1515 1458 metalla
1542 1392 1867 1478 Pangaei,
1916 1414 2090 1478 quae
2114 1414 2154 1456 a
2191 1391 2391 1456 Livio
2414 1393 2521 1456 45.
2546 1391 2647 1456 18.
2674 1392 2735 1456 3.

404 1506 735 1564 vocantur
786 1499 1176 1585 „metallum
1198 1498 1774 1583 Macedonicum,”
1817 1521 1971 1564 cum
1995 1499 2207 1565 addat
2257 1498 2476 1584 „quod
2498 1497 2738 1583 ingens

411 1605 744 1692 „vectigal
790 1606 998 1671 erat.”
1073 1606 1334 1671 Eodem
1397 1606 1547 1672 loco
1620 1612 1906 1694 apparet
1950 1605 2246 1691 vectigal
2292 1604 2464 1669 illud
2508 1604 2736 1687 locari,

405 1712 517 1777 cui
580 1712 680 1777 rei
750 1719 975 1778 autem
1023 1735 1063 1777 a
1108 1712 1434 1778 Romanis
1481 1734 1659 1779 anno
1705 1713 1829 1778 167
1899 1713 1972 1777 in
2011 1712 2219 1777 breve
2265 1718 2532 1798 tempus
2584 1710 2739 1775 finis

406 1819 760 1906 impositus
807 1825 926 1903 est,
974 1840 1130 1885 cum
1172 1819 1577 1886 locationem
1622 1819 2052 1886 metallorum
2090 1818 2499 1884 sustulerint.

496 1924 630 1990 Sed
678 1934 946 2012 praeter
988 1927 1159 1992 haec
1202 1947 1454 2012 magna
1495 1925 1677 1992 bona
1719 1926 1910 2012 regia
1931 1931 2201 2014 praesto
2226 1923 2522 2009 fuerunt,
2568 1944 2740 2010 quae

406 2034 571 2098 item
615 2031 1030 2098 locabantur.
1079 2033 1373 2099 Romani
1419 2039 1648 2098 autem
1694 2054 1871 2098 anno
1914 2033 2060 2113 167,
2111 2032 2282 2097 sicut
2322 2054 2552 2098 eorum
2598 2052 2741 2097 mos

412 2138 563 2223 fuit,
631 2139 913 2227 praedia
985 2140 1106 2205 illa
1171 2161 1423 2227 pascua
1497 2140 1735 2228 populi
1823 2139 2119 2204 Romani
2204 2138 2740 2220 declaraverunt,

410 2268 618 2332 quam
663 2246 748 2310 ob
795 2268 938 2311 rem
976 2247 1060 2312 de
1103 2247 1186 2312 iis
1232 2246 1486 2313 mentio
1531 2246 1628 2311 fit.
1677 2246 1915 2313 Livius
1961 2246 2069 2311 45.
2103 2245 2204 2310 18.
2232 2246 2272 2308 3
2318 2266 2400 2309 ea
2438 2243 2745 2333 appellat

418 2353 738 2440 „praedia
781 2352 1032 2418 rustica
1077 2375 1249 2438 quae
1295 2353 1760 2419 locabantur.’'
1852 2353 2083 2419 Cicero
2128 2372 2396 2438 quoque
2439 2351 2570 2436 leg.
2602 2372 2741 2436 agr.

411 2460 471 2523 2.
526 2460 630 2524 19.
679 2459 768 2523 50
806 2458 1014 2525 'anno
1074 2460 1180 2525 63.
1246 2483 1303 2525 a.
1354 2457 1426 2525 G.
1476 2483 1543 2525 n.
1594 2465 2072 2526 commemorat
2124 2479 2358 2544 „agros
2404 2457 2625 2543 regios
2671 2456 2745 2521 in

417 2565 876 2652 „Macedonia,
947 2566 1065 2652 qui
1128 2567 1306 2654 regis
1374 2566 1699 2655 Philippi,
1771 2568 1914 2633 sive
1974 2567 2223 2632 Persae
2284 2564 2579 2648 fuerunt,
2626 2563 2747 2650 qui

420 2673 621 2760 „item
691 2696 732 2738 a
799 2674 1185 2740 censoribus
1252 2673 1456 2740 locati
1524 2673 1747 2740 sunt.”
1836 2673 2127 2739 Materia
2187 2671 2472 2756 navaIiS,
2543 2694 2746 2757 quam

415 2781 605 2845 caedi
645 2788 1010 2846 vetuerunt
1055 2782 1345 2847 Romani
1370 2780 1444 2865 1),
1491 2781 1967 2848 verosimiliter
2010 2781 2085 2845 in
2128 2779 2424 2868 praediis
2460 2778 2747 2866 privatis

413 2886 909 2969 inveniebatur,
957 2887 1081 2952 sub
1125 2888 1397 2975 regibus
1442 2888 1625 2954 haud
1673 2888 2085 2974 negligenda
2129 2908 2286 2974 pars
2331 2892 2748 2951 mercaturae

415 2993 896 3059 Macedonicae
941 2992 1094 3059 fuit.

503 3100 663 3165 Non
707 3101 1049 3167 dissimilis
1096 3108 1310 3169 status
1353 3101 1632 3188 Illyriae
1677 3100 1883 3167 fuisse
1929 3101 2221 3167 videtur.
2290 3099 2437 3165 Illis
2484 3120 2750 3185 quoque

417 3206 490 3272 in
532 3207 923 3293 regionibus
969 3209 1264 3295 vectigal
1312 3232 1351 3274 a
1394 3209 1722 3275 Romanis
1768 3209 2158 3297 impositum
2203 3213 2302 3273 est
2354 3206 2752 3293 „dimidium

427 3313 612 3399 „ejus
661 3315 842 3400 quod
886 3315 1031 3402 regi
1075 3316 1599 3404 pependissent”
1629 3318 1705 3400 2).

506 3420 675 3486 Pars
740 3421 925 3487 haud
972 3423 1353 3510 spernenda
1412 3423 1664 3489 civium
1730 3422 2169 3490 Macedoniae
2235 3420 2369 3486 fuit
2412 3419 2751 3486 nobilitas·

420 3526 486 3592 N
489 3526 635 3622 ulla·
676 3535 904 3594 autem
947 3529 1021 3594 in
1064 3551 1142 3596 re
1189 3553 1229 3595 a
1265 3531 1532 3596 rusticis
1559 3529 1985 3613 differebant,
2025 3529 2159 3594 nisi
2181 3528 2360 3614 quod
2385 3527 2752 3613 majoribus
2792 3560 2798 3564 ·

423 3632 682 3698 divitiis
748 3633 1170 3720 fruebantur,
1238 3637 1516 3703 libertas
1577 3644 1645 3703 et
1718 3636 2166 3725 aequabilitas
2205 3634 2377 3721 juris
2442 3634 2753 3701 omnibus

423 3761 737 3806 concessa
805 3749 978 3827 erat,
1029 3744 1331 3810 universi
1399 3744 1581 3810 enim
1649 3744 2055 3810 Macedones
2123 3742 2403 3808 fuerunt
2450 3739 2754 3821 ἐλεύθεροι

422 3844 636 3927 ἄνδρες
664 3847 736 3934 3).
807 3847 1031 3918 Censu
1073 3873 1213 3935 suc,
1262 3852 1380 3938 qui
1426 3874 1537 3918 eos
1585 3852 1674 3917 ad
1723 3872 1973 3937 equum
2016 3848 2446 3932 rescribebat,
2492 3847 2753 3914 nobiles

421 3952 785 4021 illustriore
829 3956 975 4023 loco
1037 3959 1110 4023 in
1157 3960 1452 4025 exercitu
1498 3957 1775 4024 fuerunt
1821 3981 2028 4046 quam
2071 3958 2353 4046 pediteS,
2427 3979 2467 4020 a
2513 3956 2755 4042 quibus

478 4222 526 4288 1)
562 4223 676 4279 Liv.
716 4226 800 4279 45.
838 4227 922 4281 29.
964 4228 1045 4283 14.

478 4311 524 4377 2)
562 4317 676 4370 Liv.
714 4316 797 4369 45.
837 4317 921 4371 26.
961 4317 1044 4370 14.

478 4407 527 4475 3)
564 4405 787 4461 Lucian.
827 4406 965 4460 Dial.
1006 4406 1166 4461 Mort.
1207 4407 1287 4459 14.
1327 4406 1521 4478 Droys.
1564 4408 1612 4460 1.
1655 4407 1702 4460 1.
1744 4407 1826 4460 73.
1866 4408 2002 4461 Abel
2042 4407 2158 4461 124.
