3338 5350
1555 523 1677 588 147

446 721 585 785 sint
612 719 679 803 ¹),
728 722 846 806 qui
891 724 1107 785 status
1176 742 1314 786 non
1383 726 1686 785 mutatus
1733 726 1835 784 est
1883 727 2253 807 antequam
2302 743 2479 786 anno
2524 721 2656 785 294
2702 720 2787 784 ab

447 827 839 893 Alexandro
888 827 1249 897 Cassandri
1301 827 1443 894 filio
1489 827 1756 913 Pyrrho
1803 849 2157 893 concessae
2206 834 2362 892 sunt
2388 828 2461 911 2).

535 935 639 999 De
705 935 1213 1005 condicionibus
1279 935 1485 1022 paciS,
1558 957 1736 1020 quae
1806 956 1985 999 anno
2044 936 2170 999 311
2221 933 2405 999 facta
2453 941 2573 1016 est,
2620 932 2793 998 nihil

450 1048 740 1105 aetatem
784 1041 943 1108 tulit
987 1041 1118 1106 nisi
1166 1063 1246 1106 ea
1291 1064 1465 1129 quae
1507 1040 1845 1106 Diodorus
1900 1044 2003 1106 19.
2057 1041 2186 1105 105
2232 1041 2426 1107 nobis
2471 1040 2790 1106 tradidit:

451 1146 831 1227 Κάσσανδρον
877 1148 989 1224 μὲν
1035 1143 1184 1212 εἶναι
1232 1147 1572 1227 στρατηγὸν
1615 1154 1723 1222 τῆς
1750 1146 2046 1226 Εὐρώπης
2070 1147 2264 1228 μέχρι
2287 1146 2358 1211 ἂν
2382 1145 2793 1226 Ἀλέξανδρος

449 1254 476 1317 o‘
541 1256 606 1317 ἐκ
672 1253 962 1331 Ῥωξάνης
1025 1256 1107 1326 εἷς
1154 1255 1394 1331 ἡλικίαν
1442 1253 1623 1338 ἔλθῃ.
1668 1254 1776 1320 καὶ
1830 1255 2200 1335 Λυσίμαχον
2248 1255 2360 1332 μὲν
2399 1263 2507 1328 τῆς
2549 1255 2792 1337 Θράκης

452 1360 760 1440 κυριεύειν,
807 1370 1184 1439 Πτολεμαῖον
1230 1362 1294 1425 δὲ
1342 1369 1451 1436 τῆς
1494 1361 1834 1438 Ἀἰγύπτου
1877 1362 1982 1426 καὶ
2007 1366 2123 1426 τῶν
2149 1359 2568 1442 συνοριζουσῶν
2593 1361 2791 1442 ταύτῃ

451 1468 678 1533 πόλεων
750 1468 917 1533 κατά
985 1494 1053 1533 τε
1121 1469 1227 1542 την
1300 1468 1538 1547 Λιβύην
1609 1468 1711 1534 καὶ
1783 1470 1886 1546 τὴν
1960 1468 2277 1549 Ἀραβίαν
2337 1468 2680 1546 Ἀντίγονον
2729 1468 2794 1531 δὲ

450 1573 842 1655 (ἐφηγεῖσθαι
888 1584 997 1651 τῆς
1048 1575 1270 1648 Ἀσίας
1319 1574 1537 1651 πάσης·
1586 1576 1728 1647 τοὺς
1775 1576 1841 1640 δὲ
1881 1577 2204 1650 εἝλληνάς
2229 1575 2594 1653 αὐτονόμους
2619 1570 2793 1640 εἶναι.

450 1682 598 1747 Hoc
620 1682 767 1747 loco
793 1690 1020 1748 autem
1048 1689 1334 1770 apparet
1357 1680 1814 1749 Cassandrum
1836 1705 1977 1749 non
2000 1684 2201 1755 modo
2224 1706 2361 1749 non
2395 1684 2795 1771 impetrasse

449 1795 527 1854 ut
547 1789 861 1877 princeps
884 1789 1324 1855 Macedoniae
1348 1799 1839 1876 agnosceretur,
1857 1792 2066 1858 immo
2093 1792 2459 1861 concedere
2483 1797 2794 1857 coactum

451 1917 612 1980 esse,
697 1903 776 1961 ut
840 1902 1193 1982 tamquam
1257 1905 1531 1984 praetor
1615 1899 1704 1963 ad
1785 1905 2055 1986 tempus
2128 1899 2330 1969 rebus
2414 1904 2791 1985 praeesset3

451 2025 695 2068 munus
757 2004 968 2090 igitur
1011 2025 1136 2092 pro
1182 2026 1394 2090 regno
1447 2005 1727 2094 accepit.
1775 2005 2206 2071 Ptolemaeus
2255 2012 2481 2078 autem
2524 2011 2794 2070 coactus

452 2119 554 2175 est
599 2117 816 2177 totam
863 2110 1136 2197 Syriam
1183 2113 1549 2178 concedere
1596 2114 1965 2200 Antigono,
2005 2112 2399 2200 Lysimachi
2443 2112 2796 2203 provincia

449 2218 832 2283 recentibus
895 2219 1401 2285 calamitatibus
1451 2219 1537 2284 ab
1584 2222 1771 2287 omni
1817 2228 2014 2308 parte
2074 2243 2395 2286 concussa
2442 2226 2603 2286 erat.
2651 2218 2793 2283 An-

451 2325 746 2410 tigonuS,
811 2327 929 2411 qui
997 2327 1192 2393 initio
1260 2327 1425 2392 belli
1516 2334 1736 2393 totum
1804 2328 2180 2394 Alexandri
2247 2328 2608 2415 imperium
2669 2326 2796 2391 sibi

453 2432 850 2516 vindicavit,
922 2440 1161 2522 utpote
1250 2457 1548 2500 summus
1637 2442 2054 2523 procurator,
2147 2456 2369 2521 neque
2437 2435 2654 2520 magis
2716 2456 2797 2498 ea

455 2539 741 2627 adeptus
789 2546 909 2624 est,
959 2563 1135 2626 quae
1181 2541 1309 2606 sibi
1363 2543 1787 2629 propositum
1832 2544 2093 2627 habuit,
2140 2544 2347 2607 immo
2395 2542 2482 2606 ad
2527 2547 2796 2628 tempus
2872 2533 2879 2540 ’

453 2654 721 2712 coactus
765 2644 899 2712 fuit
940 2647 1220 2714 consilia
1257 2671 1378 2715 sua
1417 2650 1776 2717 ambitiosa
1800 2650 2004 2716 missa
2027 2648 2269 2716 facere.
2320 2647 2496 2715 Solis
2522 2648 2797 2714 Graecis

452 2755 661 2839 igitur
718 2755 846 2819 hoc
911 2754 1168 2821 bellum
1221 2755 1499 2842 profuit,
1572 2780 1728 2822 cum
1795 2756 2217 2846 principibus
2261 2757 2547 2844 posthac
2590 2757 2797 2821 inter—

455 2861 712 2926 dictum
759 2856 951 2945 esset,
999 2868 1075 2927 ut
1127 2885 1270 2928 sese
1314 2864 1514 2930 rebus
1563 2886 1797 2930 eorum
1842 2866 2290 2930 inmiscerent.

1419 3093 1842 3100 --————.—-

588 3285 627 3362 ς’
671 3279 740 3347 4.
806 3279 893 3348 De
941 3278 1121 3348 benis
1168 3278 1307 3348 inde
1355 3279 1435 3347 ab
1481 3295 1645 3349 anno
1696 3279 2057 3351 311-297.
2106 3279 2357 3365 nenium
2406 3279 2661 3349 Nomen.

544 3476 700 3542 Una
767 3476 883 3541 via
944 3476 1319 3543 Cassandro
1363 3482 1634 3541 tantum
1681 3483 2047 3564 supererat,
2098 3499 2231 3563 qua
2269 3499 2559 3563 regnum
2603 3498 2798 3541 suum

455 3583 529 3647 in
589 3590 995 3673 perpetuum
1055 3583 1500 3667 confirmaret,
1564 3605 1812 3672 nempe
1872 3591 2086 3649 morte
2146 3585 2340 3672 pueri
2402 3582 2796 3648 Alexandri.

456 3690 696 3775 Neque
766 3691 885 3755 diu
952 3698 1307 3756 cunctatus
1376 3697 1477 3755 est
1543 3691 1903 3776 quominus
1966 3713 2120 3756 eum
2163 3689 2590 3759 interficeret.
2638 3689 2684 3755 J
2689 3710 2797 3753 am

460 3818 637 3861 anno
709 3798 889 3862 enim
933 3797 1229 3884 311s310
1274 3799 1622 3863 custodem
1668 3796 1813 3882 ejus
1855 3796 2210 3862 Glauciam
2248 3796 2451 3881 jussit
2497 3797 2800 3861 occidere

460 3904 529 3968 et
572 3903 1040 3969 Alexandrum
1086 3906 1154 3968 et
1190 3905 1541 3988 Roxanen,
1590 3927 1726 3990 qua
1772 3904 1978 3968 caede
2015 3912 2202 3969 metu
2224 3925 2312 3968 ne
2336 3924 2492 3968 mox
2512 3923 2802 3988 regnum

514 4119 559 4183 1)
596 4121 764 4174 Kuhn
801 4138 854 4190 p.
892 4119 988 4174 83:
1053 4119 1424 4188 „Kassanders
1478 4118 1755 4173 Bi’mdniss
1810 4119 1913 4172 mit
1967 4118 2073 4172 den
2122 4118 2453 4172 Akamanen
2489 4134 2595 4187 zog
2633 4117 2800 4170 deren

470 4210 914 4279 „Unterwerfung
973 4211 1137 4263 unter
1193 4209 1291 4262 das
1345 4208 1772 4263 Makedonische
1838 4208 2007 4261 Reich
2064 4207 2206 4261 nach
2263 4207 2395 4260 sich.
2452 4207 2801 4260 Akarnanien

471 4299 797 4367 „Ambrakia
833 4298 948 4351 und
984 4297 1401 4366 Amphilochien
1438 4298 1656 4352 werden
1695 4301 1862 4351 etwas
1899 4301 2086 4366 spater
2118 4297 2199 4350 als
2236 4293 2481 4353 ἐπίκτητα
2515 4294 2654 4353 ”saun
2690 4312 2800 4350 von

472 4386 864 4455 „Makedonien
899 4390 1156 4458 genannt.

519 4486 563 4552 2)
605 4486 746 4538 Plut.
788 4486 982 4555 Pyrrh.
1019 4486 1067 4537 6.
1110 4486 1294 4538 Kuhn.
1335 4503 1386 4554 p.
1426 4484 1494 4538 83
1536 4488 1590 4538 et
1634 4485 1751 4538 146.
