3338 5350
1558 534 1645 597 85

425 738 584 797 sunt
606 732 676 812 1).
771 729 1075 794 Tandem
1144 750 1322 793 anno
1392 727 1524 792 308
1589 726 1981 794 Ptolemaeo
2053 730 2356 818 Aegypti
2422 733 2765 821 praefecto

425 860 685 904 morem
748 836 975 922 gessit,
1038 836 1111 900 in
1156 857 1235 900 eo
1275 841 1420 899 erat
1465 841 1541 899 ut
1601 856 1745 900 sese
1793 837 1880 901 ad
1930 858 2076 900 eum
2125 837 2482 923 conferret,
2530 863 2684 906 cum
2731 865 2771 908 a

426 944 704 1012 famulis
752 944 886 1009 suis
932 941 1289 1007 interfecta
1336 948 1456 1024 est,
1505 947 1759 1007 secreto
1806 943 2139 1028 Antigoni
2180 945 2374 1030 jussu
2396 946 2463 1029 2).

517 1053 865 1118 Postremo
912 1048 1059 1115 loco
1108 1050 1314 1115 etiam
1357 1071 1527 1136 puer
1570 1049 1891 1115 Heracles
1937 1052 2391 1118 nominandus
2440 1061 2558 1139 est,
2592 1054 2771 1121 filius

427 1158 803 1225 Alexandri
871 1162 941 1222 et
984 1156 1321 1240 BarsineS,
1392 1156 1633 1222 sororis
1695 1157 2092 1223 Memnonis,
2187 1156 2379 1236 Quod
2444 1162 2530 1225 ad
2577 1161 2771 1227 illum

430 1267 697 1349 attinet,
759 1264 933 1330 nihil
980 1263 1645 1329 commemorandum
1709 1270 1809 1328 est
1871 1265 1997 1329 hoc
2057 1264 2203 1331 loco
2250 1267 2380 1330 nisi
2428 1269 2768 1355 expeditio

428 1371 1025 1461 Polysperchontis
1095 1372 1254 1436 anni
1323 1371 1475 1453 311,
1547 1392 1719 1456 quae
1787 1378 2099 1459 suscepta
2167 1379 2269 1437 est
2336 1379 2412 1437 ut
2479 1396 2635 1439 eum
2696 1376 2769 1439 in

430 1481 675 1546 solium
742 1479 1006 1564 regium
1072 1484 1434 1565 paternum
1479 1477 1858 1561 collocaret,
1921 1480 2037 1544 sed
2099 1502 2275 1566 quae
2321 1480 2521 1545 simul
2567 1503 2770 1547 causa

430 1588 667 1654 mortis
713 1585 858 1673 ejus
904 1584 1057 1652 fuit.

521 1829 713 1909 Quod
763 1850 940 1894 anno
987 1830 1118 1893 323
1164 1827 1295 1915 ipsi
1339 1849 1532 1913 reges
1578 1827 1864 1915 imperio
1925 1829 2217 1915 impares
2263 1827 2559 1911 fuerunt,
2607 1835 2769 1894 nota

427 1960 535 2003 res
597 1943 715 2001 est.
832 1936 1223 2001 Necessario
1294 1955 1401 2000 res
1497 1934 2068 1999 administrandae
2139 1940 2334 1999 erant
2402 1958 2442 2000 a
2509 1956 2769 2000 summo

428 2044 726 2130 quodam
771 2043 1193 2128 magistrata,
1242 2041 1431 2127 cujus
1476 2048 1776 2129 potestas
1824 2063 1966 2106 sese
2011 2064 2134 2129 per
2170 2047 2389 2107 totum
2412 2043 2771 2130 imperium

428 2151 842 2233 extenderet,
914 2150 1048 2236 qui,
1118 2170 1274 2213 cum
1334 2149 1707 2236 possideret
1785 2148 2079 2233 sigillum
2147 2149 2430 2236 imperii,
2500 2149 2770 2214 decreta

425 2258 616 2343 regio
662 2258 935 2322 nomine
1003 2254 1188 2320 facta
1250 2277 1371 2344 per
1414 2262 1635 2320 totum
1683 2256 2034 2342 imperium
2083 2255 2652 2338 circummitteret,
2704 2261 2770 2318 et

427 2366 547 2451 qui
590 2386 713 2452 per
759 2365 1128 2428 exercitum
1174 2363 1244 2428 id
1289 2369 1576 2445 curaret,
1624 2369 1703 2426 ut
1749 2363 2058 2427 diversae
2106 2367 2345 2447 gentes
2383 2360 2585 2447 jussis
2634 2363 2768 2426 suis

427 2470 830 2537 oboedirent
1820 2554 1823 2557 Ι

474 2612 477 2616 ·
520 2579 694 2643 Item
759 2584 1030 2665 praesto
1100 2584 1273 2642 esset
1341 2576 1582 2664 aliquis
1648 2598 1918 2642 necesse
1988 2575 2140 2659 fuit,
2212 2578 2327 2663 qui
2405 2578 2771 2642 custodiret

427 2708 710 2774 corpora
756 2708 1013 2771 regum,
1075 2684 1276 2751 rebus
1323 2707 1555 2750 eorum
1600 2687 2032 2778 prospiceret.
2124 2685 2274 2750 Hae
2323 2690 2551 2749 autem
2596 2687 2771 2751 duae

426 2815 554 2877 reS,
600 2815 849 2880 nempe
892 2814 1054 2858 cura
1099 2794 1364 2881 imperii
1407 2798 1474 2857 et
1521 2814 1680 2857 cura
1727 2813 2085 2879 corporum
2119 2793 2457 2879 regiorum
2482 2794 2600 2857 uni
2624 2794 2770 2858 viro

429 2901 707 2965 omnino
768 2921 907 2965 non
967 2901 1494 2965 committendae
1557 2906 1768 2964 erant.
1818 2898 1992 2965 Cum
2034 2900 2332 2987 primum
2376 2922 2483 2965 res
2529 2901 2770 2965 consti—

427 3012 618 3071 tutae
703 3013 879 3090 sunt,
962 3029 1177 3093 usque
1261 3029 1340 3072 eo
1427 3012 1779 3094 separatae
1863 3013 2038 3085 sunt,
2126 3014 2201 3072 ut
2282 3029 2442 3072 cura
2509 3009 2773 3095 imperii

426 3115 546 3178 uni
612 3114 761 3179 viro
829 3117 1383 3197 committeretur,
1462 3136 1623 3179 cura
1690 3135 1930 3200 regum
2002 3120 2230 3179 autem
2298 3115 2478 3179 inter
2544 3113 2771 3202 plures

429 3221 650 3286 divisa
697 3221 801 3285 sit.

518 3327 844 3394 Custodes
889 3330 1087 3413 regiS,
1159 3329 1530 3394 secundum
1574 3331 1873 3418 primum
1939 3328 2286 3394 decretum
2333 3351 2374 3393 a
2417 3328 2771 3395 nobilitate

427 3435 783 3522 Babylone
853 3435 1132 3518 factum,
1205 3437 1438 3500 statim
1502 3443 1658 3524 post
1726 3435 2102 3501 Alexandri
2150 3441 2435 3500 mortem
2482 3442 2773 3521 quatuor

427 3544 556 3607 viri
625 3544 972 3607 constituti
1045 3548 1221 3626 sunt,
1292 3565 1538 3630 nempe
1597 3544 1952 3608 Perdiccas
2001 3548 2070 3607 et
2114 3542 2527 3625 LeonnatuS,
2574 3543 2771 3607 Anti-

426 3656 623 3736 pater
670 3655 739 3713 et
784 3646 1127 3733 Crateru83
1178 3650 1248 3714 hi
1296 3656 1585 3736 quatuor
1639 3651 1765 3715 viri
1811 3672 2072 3715 summo
2118 3651 2398 3738 imperio
2443 3648 2771 3737 praefecti

429 3763 603 3838 sunt,
653 3762 722 3821 et
771 3756 1006 3821 eodem
1069 3757 1270 3822 modo
1321 3780 1453 3843 quo
1501 3760 1571 3823 in
1616 3757 1831 3823 verba
1878 3780 2117 3844 regum
2156 3756 2483 3843 jurabant
2527 3757 2771 3842 magis-

427 3868 641 3927 tratus
692 3869 760 3928 et
804 3863 1073 3948 milites,
1137 3865 1209 3928 in
1254 3885 1490 3931 eorum
1537 3886 1806 3951 quoque
1864 3864 2076 3929 verba
2112 3864 2483 3949 jurandum
2529 3870 2674 3929 erat
2696 3863 2772 3950 3).

475 4121 523 4177 1)
562 4123 716 4177 Diod.
756 4122 846 4177 20.
890 4123 975 4176 37.
1013 4123 1063 4176 4.

477 4211 520 4277 2)
555 4212 709 4266 Diod.
749 4211 834 4265 20.
876 4211 965 4265 37.
1006 4212 1093 4265 5.-

481 4300 525 4368 3)
561 4302 756 4356 Justin.
817 4301 883 4354 13
960 4302 1008 4354 2.
1068 4302 1186 4355 14.:
1256 4303 1332 4371 „si
1385 4319 1525 4371 puer
1577 4306 1744 4356 natus
1809 4301 2021 4369 fuisset,
2077 4304 2293 4354 tutores
2329 4303 2677 4355 Leonnatum
2719 4305 2774 4355 et

433 4390 778 4456 „Perdiccam
835 4394 890 4443 et
946 4390 1238 4444 Craterum
1298 4395 1354 4445 et
1408 4391 1763 4461 Antipatrum
1835 4391 2197 4458 constituunt,
2266 4390 2662 4456 confestimque
2718 4391 2772 4443 in

434 4479 717 4545 „tutorum
760 4479 1026 4545 obsequia
1056 4477 1297 4548 jurant.’'
