3338 5350
1456 503 1540 566 61

337 697 672 762 tentrione
740 697 925 763 lacus
998 694 1428 784 Lychnitidis
1497 696 1569 760 in
1638 696 1994 782 Pyrenaeo
2064 705 2293 765 monte
2354 700 2558 765 situm
2603 700 2674 785 1),

340 803 623 869 alterum
672 805 757 869 ad
819 806 1084 892 Apsum
1150 803 1438 870 fluvium
1459 803 1544 892 2),
1607 827 1760 870 mea
1821 806 2099 892 quidem
2161 808 2498 871 sententia
2529 807 2676 893 jam

337 912 523 977 initio
572 912 768 997 regni
813 911 1186 977 Alexandri
1236 911 1443 977 etiam
1489 912 1575 978 ab
1624 913 1993 1000 Antipatro
2039 913 2411 979 conditum.

420 1018 650 1104 Vulgo
696 1025 926 1083 tamen
972 1019 1400 1105 suspicantur
1443 1019 1571 1084 hoc
1633 1019 1965 1107 oppidum
2009 1042 2050 1085 a
2096 1020 2474 1086 Cassandro
2522 1042 2677 1086 con·

338 1126 555 1191 ditum
627 1148 787 1209 esse,
860 1147 992 1212 quo
1059 1134 1296 1211 gentes
1367 1126 1836 1192 occidentales
1898 1126 2178 1213 Illyriae
2240 1127 2584 1193 cohiberet
2608 1127 2677 1210 3),

340 1235 450 1298 sed
500 1234 676 1298 ratio
722 1233 918 1298 docet
962 1234 1426 1322 Antipatrum,
1473 1240 1836 1322 postquam
1879 1233 2150 1320 Illyrios
2195 1235 2278 1300 ad
2327 1234 2677 1300 Taulanti-

338 1362 452 1405 nos
514 1361 730 1425 usque
774 1338 1026 1425 rejecit,
1073 1339 1243 1405 fines
1289 1340 1731 1406 Macedoniae
1776 1340 1861 1406 ab
1909 1341 2037 1407 hac
2062 1347 2256 1428 parte
2279 1341 2676 1419 firmavisse,

337 1448 542 1533 idque
609 1447 961 1513 condendo
1027 1447 1499 1533 Antipatriam
1569 1454 2072 1535 peropportune
2145 1449 2347 1514 sitam
2369 1452 2454 1533 4);
2524 1470 2678 1514 cum

338 1555 614 1641 insuper
681 1554 905 1640 ipsum
971 1574 1220 1618 nomen
1288 1553 1733 1640 Antipatrum
1793 1559 1871 1618 ut
1931 1555 2352 1620 conditorem
2402 1554 2676 1633 indicet.

420 1661 573 1726 Hoc
619 1682 889 1747 quoque
937 1660 1163 1725 obstat
1205 1661 1509 1747 opinioni
1554 1660 1856 1725 virorum
1904 1662 2274 1745 doctorum,
2324 1663 2441 1748 qui
2487 1660 2681 1726 Anti-

338 1768 632 1856 patriam
704 1767 1081 1833 Cassandro
1152 1766 1553 1852 attribuunt,
1615 1769 1820 1854 quod,
1897 1767 1954 1832 si
2022 1766 2398 1833 Cassander
2438 1768 2678 1833 urbem

339 1874 738 1956 condiderit,
784 1874 854 1938 id
901 1874 1276 1940 necessario
1323 1873 1563 1939 fecerit
1601 1875 1796 1940 annis
1843 1875 1994 1958 314,
2042 1875 2172 1940 313
2219 1876 2363 1940 sive
2408 1876 2560 1959 312,
2605 1876 2680 1939 in

340 1981 771 2069 expeditione
816 1988 1050 2046 contra
1097 1980 1388 2067 Illyrios,
1427 2002 1583 2046 cum
1626 1982 2093 2069 Epidamnum
2139 1989 2209 2048 et
2242 1981 2679 2070 Apolloniam

341 2089 831 2177 aliquantisper
876 2095 1204 2176 occupata
1248 2088 1552 2154 haberet.
1601 2086 1740 2153 Sed
1779 2090 2006 2177 priore
2051 2096 2247 2179 parte
2292 2088 2493 2176 hujus
2517 2089 2681 2154 belli

338 2219 590 2283 magno
659 2218 812 2260 cum
881 2217 1187 2261 successu
1264 2216 1408 2260 rem
1476 2197 1689 2281 gessit
1709 2200 1795 2280 ⁵);
1857 2218 2062 2283 seque
2107 2197 2426 2262 sustinuit
2471 2195 2681 2284 Apol-

337 2305 560 2370 loniae
631 2308 698 2367 et
765 2302 1154 2389 Epidamni,
1217 2302 1449 2388 itaque
1520 2301 1806 2367 alteram
1872 2302 2112 2368 urbem
2180 2303 2498 2369 conderet
2543 2324 2682 2368 non

338 2433 611 2477 necesse
656 2409 808 2474 fuit.
858 2409 1085 2474 Tertio
1125 2431 1302 2473 anno
1329 2420 1559 2474 autem
1579 2408 1652 2492 ⁶),
1687 2416 2049 2496 postquam
2071 2413 2423 2498 repentine
2447 2410 2681 2497 pulsus

337 2518 753 2605 fugatusque
815 2524 934 2598 est,
997 2515 1189 2581 nulla
1233 2516 1429 2603 copia
1477 2516 1539 2582 ei
1585 2515 1722 2581 fuit
1766 2517 2105 2583 condendi
2146 2517 2401 2582 urbem.
2440 2516 2679 2600 Imm0,

336 2625 462 2693 hoc
512 2646 692 2691 anno
737 2624 886 2711 ipsa
931 2623 1325 2712 Antipatria
1373 2624 1435 2689 ei
1478 2623 1622 2690 sine
1648 2624 1854 2690 dubio
1877 2624 2214 2690 tutissimo
2238 2623 2503 2711 refugio
2526 2622 2679 2689 fuit.

423 2731 638 2798 Aliud
687 2731 1164 2796 documentum
1209 2731 1410 2816 hujus
1456 2731 1573 2815 rei,
1621 2753 1867 2818 nempe
1912 2732 2093 2818 quod
2131 2753 2419 2819 regnum
2458 2730 2681 2796 Mace-

339 2840 660 2905 donicum
708 2838 793 2903 ab
837 2838 968 2902 hac
1015 2844 1214 2925 parte
1256 2837 1528 2903 firmata
1572 2843 1675 2902 est
1721 2844 1879 2902 ante
1938 2837 2299 2903 Cassandri
2342 2838 2683 2925 principa-

335 2953 506 3032 tum,
558 2954 661 3012 est
709 2946 888 3031 quod
934 2945 1129 3028 Euia,
1178 2945 1265 3009 de
1309 2944 1501 3030 cujus
1547 2944 1678 3009 loci
1705 2944 1838 3008 situ
1861 2944 2035 3008 nihil
2059 2951 2325 3010 constat
2346 2945 2478 3009 nisi
2502 2944 2684 3030 quod

338 3056 508 3119 situs
559 3059 705 3118 erat
750 3053 822 3117 in
883 3050 1271 3137 regionibus
1340 3051 1770 3116 Dassaretiae
1834 3050 2013 3115 circa
2063 3051 2289 3117 lacum
2332 3051 2685 3137 Lychniti-

335 3160 497 3225 dem
522 3160 594 3243 7),
636 3159 783 3245 jam
830 3179 1008 3223 anno
1056 3158 1206 3241 317,
1276 3158 1508 3242 itaque
1576 3163 1735 3223 ante
1805 3156 2168 3223 Cassandri
2241 3159 2316 3223 in
2375 3157 2685 3244 Illyriam

338 3265 830 3355 expeditioneS,
878 3265 1317 3334 Macedonica
1367 3263 1502 3329 fuit
1525 3265 1600 3350 8).

391 3484 442 3550 1)
481 3483 774 3537 Demitsas.
831 3481 880 3535 2.
937 3481 1058 3535 631.
1117 3488 1204 3530 ’Ex
1257 3478 1443 3531 τούτων
1498 3479 1550 3530 δὲ
1604 3480 1633 3537 ἥ
1684 3481 1772 3543 μὲν
1811 3477 1977 3545 πρώτη
2014 3481 2348 3543 'Avo-comula
2383 3477 2567 3543 νομίζω
2603 3481 2680 3532 ὅτι

332 3569 461 3623 εἶναι
500 3572 695 3633 κτίσμα
730 3574 820 3621 τοῦ
856 3570 1186 3632 Ἀντιπάτρου
1220 3573 1311 3619 τοῦ
1346 3567 1627 3627 νικήσαντος
1662 3571 1779 3627 τοὺς
1815 3570 2070 3631 Ἶλλυρίονς
2106 3570 2370 3627 κτίσαντος
2404 3569 2560 3628 αῧτῆν
2596 3571 2684 3622 hrt*

334 3667 435 3711 τῶν
491 3662 601 3723 ὀρῶν
655 3664 746 3718 τῆς
783 3657 1157 3723 Δασσαρήτιδος
1191 3659 1254 3717 ὡς
1288 3656 1574 3723 προπῦργιον
1615 3661 1752 3709 κατὰ
1786 3664 1883 3709 rav
1920 3657 2186 3721 ἐπιδρομῶν
2220 3665 2316 3708 τῶν
2347 3658 2683 3722 φιλοπολέμων

332 3756 584 3814 Ἰλλυριῶν
621 3755 723 3805 cet.
765 3751 832 3805 cf.
869 3750 1091 3803 Palmer
1128 3750 1247 3803 210.

385 3840 441 3908 2)
482 3840 772 3895 Demitsas.
813 3839 862 3893 2.
902 3839 1021 3892 724.
1059 3839 1172 3893 Liv.
1212 3839 1295 3892 31.
1336 3838 1419 3891 27.

387 3928 443 3997 3)
483 3930 777 3984 Demitsas.
817 3928 875 3982 l.l

387 4020 443 4086 4)
481 4019 619 4074 Ibid.

387 4109 442 4174 5)
484 4108 683 4175 Droys.
722 4109 771 4161 2.
810 4109 859 4162 2.
899 4107 983 4161 23.

390 4197 445 4264 6)
487 4198 685 4268 Droys.
726 4198 774 4252 2.
813 4198 862 4252 2.
899 4198 986 4252 37.

390 4287 444 4352 ’7)
483 4287 776 4342 Demitsas.
815 4288 867 4341 2.
904 4286 1022 4341 635.
1065 4304 1191 4341 ann.
1229 4287 1277 4340 1.

390 4375 445 4443 8)
484 4376 644 4430 Diod.
702 4376 785 4430 19.
844 4377 927 4429 11.
983 4376 1033 4429 2.
1089 4373 1272 4426 ἀκούων
1324 4370 1400 4425 οὖν
1459 4372 1704 4438 Εὗριδίκην
1759 4378 1811 4429 ἐν
1865 4373 2023 4434 Εὐίοις
2057 4378 2149 4433 τῆς
2183 4374 2488 4434 Μακεδονίας
2522 4373 2684 4428 οὖσαν.

338 4466 412 4521 cf.
454 4466 822 4520 Numismatic
860 4464 1149 4520 Chronicle
1187 4464 1328 4519 1880
1363 4483 1416 4535 p.
1455 4466 1575 4519 275.
1613 4466 1931 4521 Dassaretia
1966 4466 2218 4532 (Demits.
2247 4467 2298 4521 1.
2319 4467 2411 4532 96)
2449 4466 2681 4521 ulterius
