3338 5350
1615 527 1657 591 3

473 721 906 787 Meridionali
998 719 1438 786 Macedoniae
1506 721 1884 811 Superioris
1948 725 2036 790 ad
2096 726 2279 813 ripas
2344 717 2805 792 Haliacmonis

471 827 772 894 fluminis
819 832 890 910 1).

562 935 776 1001 Juxta
828 957 940 1000 eas
977 942 1213 1021 gentes
1255 941 1482 1000 autem
1518 936 1949 1022 Thucydides
1997 938 2203 1001 etiam
2227 937 2312 1001 de
2337 936 2485 1001 aliis
2508 936 2808 1022 loquitur

473 1064 601 1107 nec
668 1049 898 1106 tamen
955 1064 1068 1107 eas
1129 1042 1454 1106 nominat.
1519 1041 1836 1120 Quaestio
1880 1044 2043 1109 inde
2088 1045 2301 1108 oritur
2345 1043 2433 1108 ad
2479 1065 2808 1129 quasnam

475 1149 643 1214 alias
693 1148 1119 1236 spectaverit.
1174 1145 1360 1212 Situs
1405 1150 1736 1214 montium
1787 1150 1871 1214 ab
1917 1149 2047 1214 hac
2090 1156 2286 1237 parte
2332 1150 2527 1214 nobis
2550 1150 2811 1214 indicat

473 1257 760 1342 cogitari
812 1262 1082 1320 tantum
1146 1276 1344 1343 posse
1390 1256 1473 1320 de
1520 1255 1974 1342 Pelagonibus
2023 1263 2091 1321 et
2136 1257 2219 1321 de
2268 1257 2539 1321 Orestis
2612 1256 2806 1321 Pela-

475 1363 683 1448 gonia
752 1369 999 1445 autem,
1062 1384 1233 1447 quae
1295 1363 1593 1449 pertinet
1647 1385 1689 1426 a
1735 1361 2209 1451 Septentrione
2246 1364 2674 1449 Lyncestidis
2723 1365 2810 1428 ad

477 1469 808 1534 Scardum
855 1477 1156 1535 montem
1199 1491 1432 1554 usque,
1484 1492 1659 1556 quae
1697 1471 2102 1535 munimenti
2145 1470 2362 1535 instar
2422 1477 2521 1536 est
2574 1478 2812 1536 contra

477 1576 659 1641 feras
705 1584 943 1662 gentes
966 1576 1108 1641 illic
1131 1577 1322 1642 sedes
1345 1576 1694 1660 habenteS,
1722 1577 1850 1642 hoc
1871 1583 2175 1664 tempore
2200 1576 2483 1658 fortasse
2507 1577 2811 1663 subjecta

474 1683 831 1769 Lyncestis
855 1684 1181 1767 finitimis,
1206 1683 1511 1772 profecto
1534 1685 1972 1750 Macedoniae
1992 1685 2336 1772 Superiori
2354 1684 2811 1770 adjudicanda

479 1797 599 1883 est,
636 1800 708 1855 ut
749 1791 918 1856 facit
956 1789 1202 1856 Strabo
1226 1791 1633 1876 ubicumque
1657 1790 1838 1857 hanc
1857 1793 2205 1878 regionem
2229 1797 2709 1856 commemorat
2735 1795 2806 1871 2).

477 1896 794 1963 Ceterum
858 1921 1200 1987 perpauca
1261 1899 1525 1985 antiqui
1584 1900 1940 1986 scriptores
1989 1898 2075 1962 de
2121 1897 2252 1963 hac
2294 1898 2568 1984 regione
2613 1898 2807 1964 nobis

477 2006 908 2071 tradiderunt
946 2005 1019 2091 3).
1686 2067 1693 2075 .

569 2111 821 2178 Orestis
891 2119 1142 2196 contra,
1217 2135 1389 2197 quae
1433 2113 1612 2177 inter
1656 2113 2138 2198 Lyncestidem
2187 2118 2255 2176 et
2298 2112 2631 2177 Elimeam
2681 2112 2811 2177 sita

477 2226 598 2299 est,
632 2221 738 2284 -ab
781 2220 1056 2285 Oriente
1103 2218 1405 2304 ejusdem
1442 2218 1595 2305 jugi
1642 2220 1822 2306 quod
1868 2219 2166 2307 pertinet
2212 2241 2252 2283 a
2290 2218 2542 2285 Scardo
2583 2226 2812 2284 monte

482 2326 836 2390 Meridiem
935 2348 1189 2408 versuS,
1261 2326 1716 2411 discernitque
1783 2349 1895 2390 eas
1962 2332 2217 2411 genteS,
2288 2347 2461 2412 quae
2532 2346 2810 2411 geogra-

477 2433 680 2520 phico
730 2455 925 2496 sensu
978 2433 1064 2497 ad
1111 2432 1580 2497 Macedoniam
1630 2434 1979 2520 pertinent
2018 2456 2057 2496 a
2092 2433 2408 2518 gentibus
2431 2432 2719 2518 Illyricis
2744 2437 2813 2497 et

475 2539 858 2628 Epiroticis,
910 2539 1129 2625 magis
1183 2545 1420 2626 aperta
1468 2545 1586 2622 est,
1629 2561 1850 2625 neque
1888 2546 2029 2603 tam
2053 2546 2300 2603 natura
2321 2539 2584 2603 munita
2609 2545 2814 2625 atque

476 2646 771 2730 finitimi,
819 2668 972 2711 cum
1017 2647 1294 2734 insuper
1339 2644 1569 2711 fauces
1593 2645 1910 2711 Eordaici
1930 2644 2229 2711 fluminis
2254 2643 2526 2711 facilem
2552 2644 2839 2711 aditum*

481 2778 521 2819 a
558 2760 754 2842 parte
783 2754 1062 2839 Illyriae
1085 2752 1487 2841 praebeant..
1532 2752 1777 2818 Strabo
1803 2775 2050 2840 anceps
2071 2752 2347 2818 haerere
2370 2753 2642 2818 videtur
2665 2755 2812 2839 qui-

479 2863 766 2927 busnam
809 2861 1126 2947 gentibus
1173 2860 1444 2926 Orestas
1491 2860 1908 2944 adnumeret,
1958 2859 2320 2947 Epiroticis
2367 2883 2456 2924 an
2500 2858 2812 2926 Macedo-

478 2969 668 3034 nicis,
729 2969 989 3034 Eodem
1034 2966 1181 3032 loco
1228 2967 1409 3032 enim
1454 2967 1648 3032 initio
1693 2967 2107 3055 paragraphi
2152 2968 2284 3031 326
2335 2965 2605 3033 Orestas
2649 2966 2813 3054 Epi-

477 3081 660 3140 rotas
728 3075 1052 3157 nominat,
1124 3094 1278 3138 cum
1345 3074 1418 3138 in
1487 3073 1624 3138 fine
1695 3073 1997 3159 ejusdem
2062 3073 2477 3161 paragraphi
2546 3094 2657 3138 eos
2727 3072 2814 3138 ad

476 3182 950 3247 Macedoniam
1013 3182 1353 3268 pertinere
1420 3180 1794 3268 perhibeat.
1869 3179 2308 3268 Paragrapho
2370 3180 2502 3244 434
2548 3202 2816 3266 quoque

481 3310 592 3353 eos
651 3287 1055 3352 Macedones
1126 3287 1427 3375 appellat
1453 3285 1526 3374 4).
1612 3285 1799 3364 Quae
1842 3287 2299 3375 repugnantia
2344 3310 2494 3352 mea
2540 3287 2817 3373 quidem

481 3396 818 3460 sententia
861 3395 991 3460 hoc
1034 3395 1235 3460 modo
1279 3394 1687 3481 explicanda
1732 3400 1851 3478 est,
1878 3395 2059 3481 quod
2083 3395 2213 3478 loci
2237 3416 2441 3482 supra
2461 3392 2818 3459 memorati

482 3507 794 3589 spectant
841 3502 927 3566 ad
974 3502 1243 3567 diversa
1286 3508 1613 3589 tempora.
1658 3500 1937 3566 Orestae
1977 3501 2158 3566 enim
2194 3487 2612 3588 temporibus
2653 3499 2818 3564 belli

479 3607 1038 3695 Peloponnesiaci
1086 3609 1173 3672 ad
1218 3614 1456 3694 gentes
1501 3607 1882 3696 Epiroticas
1925 3607 2400 3695 pertinuerunt
2437 3613 2514 3671 ut
2549 3605 2816 3693 Thucy-

483 3715 674 3780 dides
735 3716 796 3779 2.
846 3715 936 3781 80
1005 3721 1502 3780 commemorat.
1567 3716 1746 3780 Nam
1808 3736 1963 3779 cum
2021 3715 2135 3779 hic
2190 3720 2536 3780 enumeret
2579 3721 2817 3799 gentes

479 3822 678 3910 Epiri
722 3844 897 3908 quae
945 3844 1123 3888 anno
1168 3822 1298 3887 429
1345 3821 1745 3908 conjunctae
1788 3843 1945 3886 cum
1967 3821 2521 3887 Lacedaemoniis
2547 3821 2817 3907 expedi-

537 4116 586 4185 1)
626 4119 836 4172 Arrian.
874 4119 1045 4171 Anab.
1085 4119 1135 4171 1.
1174 4119 1222 4170 7.
1261 4117 1310 4172 5.
1353 4117 1553 4172 Strabo
1590 4118 1696 4171 326
1734 4120 1790 4171 et
1824 4118 1945 4171 434.
1983 4117 2098 4172 Liv.
2136 4118 2221 4171 42.
2261 4118 2348 4171 53.
2386 4117 2437 4171 ὃ.

543 4205 589 4273 2)
629 4207 831 4261 Strabo
870 4207 974 4259 326
1014 4210 1071 4260 et
1106 4206 1227 4260 434.

538 4294 584 4362 3)
622 4295 813 4361 Polyb.
853 4294 940 4348 28.
978 4294 1028 4348 8.
1066 4295 1116 4348 3.
1157 4295 1357 4349 Strabo
1393 4296 1498 4347 327
1537 4298 1593 4348 et
1628 4295 1749 4349 329.
1789 4294 1873 4347 10.
1912 4295 2139 4349 Demits.
2177 4296 2244 4348 ΙΙ.
2285 4295 2388 4349 155
2426 4312 2546 4363 sqq.

539 4381 586 4441 4)
625 4383 824 4437 Strabo
862 4383 982 4436 326.
1022 4389 1312 4446 Ἠπειρῶται
1351 4381 1501 4431 δἐἷσί
1533 4425 1544 4437 .
1569 4423 1581 4436 .
1605 4424 1616 4436 .
1651 4384 1738 4433 καὶ
1772 4381 2014 4445 Ὀρέσται.
2055 4388 2112 4438 et
2146 4385 2179 4437 i.
2199 4384 2234 4436 f.
2273 4384 2359 4433 καὶ
2394 4382 2450 4439 δὴ
2489 4388 2572 4435 καὶ
2610 4386 2679 4433 τὰ
2713 4384 2821 4446 περὶ

488 4467 680 4533 Αὗγκον
717 4473 803 4521 καὶ
837 4472 1147 4535 Πελαγονίαν
1188 4471 1274 4520 καὶ
1312 4470 1603 4534 'Opto-reddat
1641 4475 1726 4523 καὶ
1762 4471 2013 4534 Ἐλίμειαν
2050 4474 2137 4530 τὴν
2173 4471 2266 4521 ἅνω
2286 4470 2583 4524 Μακεδονίαν
2609 4470 2821 4522 ἐκάλουν.
