3338 5350
1566 525 1652 588 37

431 727 728 807 utraque
797 743 955 808 pars
1003 742 1083 785 ea
1127 720 1467 802 retineret,
1531 742 1708 805 quae
1754 740 1832 784 eo
1882 724 2185 806 tempore
2238 741 2369 804 quo
2413 741 2550 807 pax
2586 719 2782 785 fieret

432 828 815 915 possideret
860 828 1032 914 („uti
1076 826 1504 915 possidetis”)
1528 827 1600 912 1).
1647 827 1744 893 Ut
1781 849 2012 892 omnes
2059 826 2220 892 socii
2264 825 2779 893 Atheniensium

434 936 626 1023 pacis
672 935 1037 1023 participes
1083 935 1342 1017 fierent,
1370 934 1671 1022 exceptis
1697 934 2173 1018 Phocensibu8‚
2200 932 2420 998 Haliis
2461 941 2531 998 et
2555 934 2781 1000 Oerso·

439 1042 672 1129 blepte
723 1041 1050 1107 Thraciae
1100 1064 1259 1128 rege
1286 1045 1356 1123 2).

530 1149 576 1214 J
581 1171 691 1213 am
762 1171 965 1236 supra
1034 1154 1632 1214 commemoratum
1678 1155 1782 1213 est
1828 1148 2163 1233 quomodo
2208 1149 2567 1236 Philippus
2613 1148 2781 1213 fines

441 1276 594 1319 suos
639 1255 711 1320 in
761 1255 1049 1320 Thracia
1095 1255 1357 1320 auxerit
1404 1261 1771 1341 antequam
1814 1276 2054 1342 pacem
2076 1277 2232 1319 cum
2254 1255 2783 1321 Atheniensibus

439 1363 743 1427 firmaret
803 1372 1033 1450 (supra
1078 1386 1144 1450 p.
1190 1362 1322 1445 27),
1394 1383 1574 1426 nunc
1643 1368 1871 1426 autem
1936 1383 2106 1449 pace
2173 1363 2560 1447 constituta,
2629 1384 2786 1427 cum

439 1470 892 1535 Phocensium
939 1469 1110 1533 duce
1154 1468 1492 1534 Phalaeco
1539 1491 1740 1555 agere
1761 1470 2080 1557 perrexit,
2127 1469 2246 1555 qui
2269 1470 2541 1556 prodita
2561 1469 2786 1556 patria

443 1576 653 1641 saltus
703 1575 1312 1663 Thermopylarum
1380 1576 1527 1660 regi
1570 1575 1878 1656 tradidit,
1945 1597 2025 1640 ea
2084 1575 2472 1641 conditione
2520 1582 2594 1639 ut
2639 1576 2785 1662 ipse

444 1689 512 1747 et
558 1683 806 1748 milites
852 1682 997 1768 ejus
1042 1682 1412 1747 incolumes
1459 1681 1726 1747 abirent
1746 1680 1816 1765 3).

533 1790 721 1855 Haec
810 1812 915 1854 res
983 1811 1187 1854 causa
1255 1788 1389 1853 fuit
1455 1811 1575 1854 cur
1642 1789 2021 1854 Phocenses
2090 1811 2233 1854 sese
2294 1811 2431 1854 non
2495 1789 2784 1876 amplius

444 1897 811 1963 defendere
877 1897 1243 1984 potuerint,
1315 1918 1456 1962 sese
1520 1880 1780 1961 dedere
1828 1897 2186 1961 Macedoni
2255 1896 2469 1961 coacti
2553 1897 2689 1961 sint
2710 1900 2784 1980 4),

444 2004 564 2089 qui
608 2026 732 2091 per
771 2003 1260 2091 Thermopylas
1308 2024 1503 2089 agros
1551 2025 1784 2068 eorum
1828 2004 2188 2090 ingressus,
2236 2004 2381 2068 sine
2418 2003 2787 2068 certamine

442 2110 830 2175 universam
897 2110 1245 2195 regionem
1319 2110 1680 2198 occupavit
1702 2110 1775 2194 ⁵),
1853 2111 2089 2175 eodem
2156 2111 2359 2176 modo
2406 2132 2540 2196 quo
2588 2110 2784 2175 urbes

442 2217 797 2282 Boeoticas
845 2239 1017 2302 quae
1063 2238 1219 2281 cum
1260 2216 1723 2282 Phocensibus
1771 2223 2101 2282 steterant
2119 2215 2193 2300 6).

534 2326 639 2389 De
679 2331 857 2390 sorte
905 2330 1134 2389 autem
1176 2322 1628 2389 Phocensium
1675 2323 1760 2388 ab
1807 2324 2426 2412 Amphictyonibus
2450 2325 2787 2390 Boeoticis

445 2440 516 2497 et
582 2430 984 2496 Thessalicis
1055 2432 1285 2497 statim
1356 2454 1397 2496 a
1440 2430 1763 2519 Philippo
1824 2432 2212 2498 convocatis
2275 2438 2355 2495 ut
2397 2454 2503 2497 res
2549 2432 2788 2519 templi

443 2539 761 2625 Delphici
803 2539 877 2602 in
924 2539 1267 2625 integrum
1308 2540 1764 2623 restituerent,
1813 2540 2116 2604 decisum
2154 2545 2255 2603 est
2279 2538 2345 2622 ⁷),
2395 2561 2548 2603 cum
2571 2538 2788 2603 hiero-

442 2667 839 2711 mnemones
881 2645 1093 2712 Attici
1143 2651 1213 2711 et
1259 2645 1579 2734 Spartani
1626 2645 1911 2713 concilio
1954 2667 2091 2711 non
2136 2646 2541 2711 interessent
2562 2644 2631 2735 ἒ).

536 2754 826 2819 Decreto
898 2753 1480 2841 Amphictyonum
1541 2753 1922 2819 Phocenses
1974 2752 2255 2818 concilio
2301 2753 2790 2818 hieromnemo-

444 2882 611 2924 num
661 2860 1131 2944 excluduntur,
1183 2861 1316 2925 duo
1364 2860 1711 2946 suffragia,
1784 2883 1957 2947 quae
1996 2860 2218 2925 adhuc
2260 2858 2586 2943 tulerunt,
2632 2860 2789 2925 Phi-

444 2966 637 3054 lippo
685 2966 1101 3051 deferuntur,
1149 2968 1259 3033 cui
1302 2968 1431 3033 hoc
1455 2968 1656 3033 modo
1688 2968 1884 3055 copia
1922 2968 2086 3032 data
2112 2973 2231 3050 est,
2255 2972 2336 3031 ut
2369 2966 2791 3032 voluntatem

447 3095 643 3138 suam
687 3073 1347 3168 hieromnemonibus
1393 3075 1788 3140 obtruderet
1809 3075 1882 3159 ⁹).
1933 3076 2182 3141 Omnes
2220 3074 2421 3139 urbes
2453 3074 2790 3158 Phocidis,

445 3179 619 3245 Abis
690 3180 1006 3268 exceptis,
1078 3182 1344 3247 dirutae
1390 3188 1566 3265 sunt,
1616 3181 1903 3269 dispersi
1958 3187 2114 3246 sunt
2161 3180 2421 3246 incolae
2467 3181 2539 3244 in
2586 3181 2791 3262 viem,

448 3287 569 3371 qui
614 3308 750 3352 non
796 3288 950 3375 plus
997 3288 1496 3375 quinquaginta
1540 3287 1820 3353 familiis
1867 3293 2270 3371 constarent,
2321 3309 2509 3351 arma
2542 3286 2791 3352 habere

503 3588 552 3655 1)
593 3590 877 3645 Demosth.
918 3591 1003 3645 82.
1043 3592 1111 3645 22
1149 3609 1265 3660 sqq.
1305 3592 1390 3646 83.
1433 3592 1500 3646 10
1537 3611 1639 3662 sqq

494 3679 553 3758 ⁸2)
592 3679 876 3735 Demosth.
946 3681 1065 3735 395.
1132 3681 1216 3734 25.
1283 3687 1464 3743 πρῶτον
1536 3684 1624 3745 μὲν
1680 3683 1838 3735 τοίνυν
1892 3681 2088 3739 Φωκέας
2144 3682 2427 3739 ἐκσπόνδους
2485 3682 2573 3732 καῖ
2630 3685 2794 3740 ‘Anile

449 3767 707 3831 ἀπέφηναν
744 3769 832 3818 καὶ
868 3768 1253 3832 Κερσοβλέπτην.
1291 3771 1405 3825 ibid
1440 3771 1561 3825 385.
1601 3772 1689 3826 13.
1727 3772 1977 3826 Aeschin.
2018 3774 2240 3838 Parapr.
2279 3774 2364 3826 85.

506 3856 552 3925 3)
592 3859 746 3912 Diod.
784 3860 866 3912 16.
906 3860 991 3912 59.
1029 3859 1078 3912 3.
1117 3860 1368 3913 Aeschin.
1409 3860 1635 3930 Parapr.
1681 3860 1799 3914 138.
1841 3862 1959 3914 140.

506 3946 555 4013 4)
594 3948 749 4002 Diod.
787 3949 858 4002 l.l.
900 3949 1086 4002 Justin
1130 3948 1180 4003 8.
1218 3949 1268 4002 5.
1308 3950 1359 4004 2.
1403 3953 1490 4018 „et
1528 3949 1815 4019 Philippus
1855 3950 2131 4006 excidium
2170 3951 2502 4015 minabatur,
2546 3952 2602 4004 ni
2639 3953 2797 4005 fieret

450 4035 715 4091 deditio.”
750 4038 1033 4091 Demosth.
1071 4037 1195 4091 358.
1233 4037 1318 4100 28.

509 4125 556 4189 5)
594 4127 874 4180 Demosth.
912 4126 1033 4180 360.
1072 4126 1133 4186 9:
1171 4127 1292 4181 365.
1344 4126 1422 4180 18.

496 4213 548 4279 6)
586 4216 835 4270 Aeschin.
877 4216 1101 4286 Parapr.
1140 4217 1264 4271 141.

509 4304 556 4373 ’7)
594 4305 745 4360 Diod.
791 4306 872 4358 16.
911 4305 995 4359 59.
1034 4308 1082 4359 4.
1123 4307 1406 4361 Demosth.
1446 4307 1566 4360 356.
1609 4308 1693 4362 21.

511 4392 557 4449 8)
596 4393 879 4448 Demosth.
918 4394 1003 4448 60.
1041 4396 1126 4449 20.

510 4481 561 4550 9)
599 4482 752 4537 Diod.
796 4483 878 4538 16.
918 4483 1003 4537 60.
1043 4486 1090 4538 1.
1128 4486 1284 4540 Paus.
1324 4485 1407 4539 10.
1445 4486 1496 4539 3.
1533 4486 1594 4549 3;
1635 4486 1718 4540 10.
1757 4487 1807 4541 8.
1847 4487 1908 4552 2;
1947 4488 2231 4542 Demosth.
2266 4488 2386 4542 446.
2426 4489 2477 4544 6.
