3338 5350
1644 524 1773 587 150

533 745 745 805 suam,
834 721 890 785 si
975 720 1060 785 ab
1148 718 1366 784 altera
1449 725 1644 807 parte
1730 741 1840 784 eos
1933 725 2330 804 agnosceret
2396 724 2476 784 ut
2543 717 2880 804 legitimos

531 836 895 918 praetores.

620 935 1007 1022 Antigonus
1076 941 1305 1000 autem
1371 954 1604 998 omnes
1675 933 1856 997 vires
1928 933 2226 998 intendit
2296 939 2372 998 ut
2433 933 2716 999 consilia
2761 954 2883 996 sua

536 1049 1030 1130 exsequeretur.
1123 1040 1327 1106 Anno
1398 1039 1528 1105 307
1598 1040 2024 1105 Demetrium
2107 1031 2326 1105 filium
2408 1062 2661 1126 magna
2726 1060 2882 1104 cum

534 1150 746 1215 classe
813 1152 886 1214 in
952 1148 1313 1214 Graeciam
1375 1145 1683 1214 Athenas
1730 1146 1933 1230 misit,
2005 1152 2084 1211 ut
2149 1147 2429 1211 tandem
2494 1146 2881 1212 libertatem

533 1260 735 1324 toties
779 1257 1203 1344 promissam,
1255 1275 1522 1343 semper
1563 1260 1793 1318 autem
1840 1254 1928 1319 ad
1972 1254 2323 1341 propriam
2346 1253 2882 1318 dominationem

534 1360 1070 1427 confirmandam
1121 1383 1161 1425 a
1204 1361 1629 1448 praetoribus
1675 1360 2071 1445 adhibitam,
2120 1359 2260 1425 illic
2305 1360 2708 1444 institueret,
2756 1360 2882 1425 im-

534 1468 772 1556 primis
860 1474 939 1533 ut
1008 1469 1139 1533 sibi
1206 1466 1501 1533 Graecos
1572 1468 1784 1533 socios
1872 1474 2108 1534 contra
2175 1467 2469 1554 reliquos
2537 1472 2881 1556 praetores

535 1582 824 1664 pararet.
876 1575 966 1640 Et
1012 1596 1253 1640 revera
1296 1580 1569 1662 praeter
1613 1573 1921 1639 Athenas
1969 1573 2229 1661 aliquot
2271 1574 2471 1640 urbes
2518 1572 2885 1640 Cassandri

537 1683 942 1749 detrimento
986 1682 1063 1746 in
1106 1681 1496 1747 libertatem
1539 1681 1895 1746 restitutae
1919 1688 2096 1746 sunt.
2145 1682 2229 1747 In
2274 1682 2591 1748 universo
2636 1680 2883 1746 Graeci

534 1791 978 1856 vehementer
1042 1789 1362 1855 commoti
1431 1794 1589 1853 sunt
1658 1788 1860 1854 rebus
1934 1811 1973 1853 a
2040 1789 2386 1854 Demetrio
2456 1790 2684 1875 gestis,
2755 1811 2884 1855 nec

533 1903 765 1962 tamen
847 1897 1214 1982 quicquam
1296 1896 1460 1960 novi
1547 1893 1769 1960 moliti
1839 1901 2015 1979 sunt,
2085 1895 2218 1960 nisi
2285 1896 2467 1981 quod
2534 1896 2880 1984 Epirotae,

532 2003 891 2069 interfecto
988 2000 1232 2067 Alceta
1334 2000 1699 2067 Cassandri
1790 2002 2024 2086 amicO,
2116 2002 2458 2089 Pyrrhum
2540 2004 2881 2069 Aeacidae

532 2110 753 2175 filium
819 2110 893 2174 in
958 2131 1247 2196 regnum
1313 2114 1678 2196 paternum
1743 2109 2221 2192 restituerunt3
2292 2109 2424 2174 nisi
2492 2111 2676 2197 quod
2745 2111 2880 2176 De-

533 2218 813 2282 metrius
898 2217 1109 2282 socios
1194 2239 1346 2282 suos
1434 2217 1752 2303 synedrio
1820 2216 2172 2302 conjunxit
2220 2217 2291 2304 1).
2385 2217 2643 2283 Tamen
2711 2218 2884 2284 nihil

536 2326 621 2390 de
687 2325 816 2390 hac
884 2346 956 2389 re
1025 2324 1158 2389 nisi
1224 2324 1447 2412 ipsum
1512 2322 1774 2390 factum
1837 2329 2130 2389 aetatem
2189 2323 2368 2407 tulit,
2433 2324 2665 2412 paullo
2726 2331 2884 2413 post

534 2431 920 2497 Demetrius
981 2454 1022 2497 a
1080 2438 1275 2519 patre
1335 2437 1689 2497 revocatus
1751 2436 1875 2515 est,
1933 2437 2013 2496 ut
2068 2431 2325 2496 bellum
2374 2439 2610 2497 contra
2655 2431 2881 2499 Ptole-

536 2561 809 2604 maeum
859 2540 1246 2627 susciperet.

625 2645 932 2711 Tandem
960 2629 1157 2712 'anno
1204 2646 1335 2712 306
1384 2650 1541 2735 post
1587 2644 1947 2711 victoriam
1993 2646 2175 2734 apud
2224 2644 2640 2712 Salaminem
2685 2648 2883 2714 Anti-

535 2776 754 2840 gonus
798 2755 1061 2839 regium
1106 2753 1383 2819 titulum
1434 2754 1817 2840 assumpsit.
1910 2754 2016 2818 Ne
2061 2753 2190 2818 hac
2256 2755 2534 2840 quidem
2578 2778 2651 2820 re
2701 2756 2883 2840 quic·

539 2858 745 2947 quam
813 2859 1121 2947 profecit,
1191 2882 1355 2925 nam
1424 2860 1802 2925 adversarii
1873 2860 2016 2945 ejus
2062 2859 2511 2944 Ptolemaeus,
2563 2860 2881 2927 Seleucus

537 2966 1001 3052 Lysimachus,
1073 2963 1453 3031 Cassander
1522 2965 1909 3053 exemplum
1979 2966 2122 3050 ojus
2198 2968 2411 3032 secuti
2480 2975 2658 3051 sunt,
2728 2991 2884 3034 cum

535 3073 922 3138 Demetrius
992 3072 1077 3137 ab
1146 3073 1295 3160 ipso
1361 3079 1558 3160 patre
1603 3073 1991 3138 diademate
2038 3080 2314 3138 ornatus
2363 3073 2449 3138 sit
2472 3076 2545 3158 2).
2610 3075 2881 3162 Nequa-

536 3201 743 3265 quam
792 3180 885 3244 eis
928 3180 1235 3244 assentiri
1281 3202 1556 3267 possum
1604 3201 1779 3264 quae
1823 3180 2135 3264 Droysen
2195 3182 2257 3244 2.
2306 3182 2369 3246 2.
2423 3182 2546 3246 142
2605 3204 2748 3268 sqq.
2796 3184 2885 3248 de

534 3289 664 3353 hac
709 3310 781 3352 re
831 3287 1117 3374 scripsit,
1158 3288 1438 3352 minime
1483 3287 1760 3374 quidem
1807 3286 1928 3351 ubi
1973 3287 2179 3351 dicit:
2235 3287 2442 3372 „jetzt
2463 3288 2537 3353 in
2561 3290 2683 3354 der
2706 3289 2886 3355 That

542 3393 702 3473 „hat
762 3394 882 3458 das
948 3394 1170 3479 einige
1218 3394 1436 3459 Reich
1505 3395 1628 3459 das
1695 3392 2088 3459 Alexander
2133 3396 2517 3481 gegriindet
2582 3397 2705 3461 hat
2770 3398 2885 3461 ein

544 3499 842 3584 „Ende,”
914 3522 1132 3585 neque
1178 3500 1397 3585 magis
1445 3500 1657 3566 verba
1705 3499 1771 3566 vi
1819 3497 1882 3564 di
1929 3501 2134 3566 Niese
2184 3503 2239 3565 1.
2288 3525 2356 3589 p.
2408 3503 2555 3567 321.
2615 3503 2887 3580 „Damit

544 3607 790 3690 „erhob
862 3629 935 3671 er
1006 3607 1140 3672 den
1211 3607 1570 3694 Anspruch
1640 3607 1767 3673 auf
1824 3609 1935 3673 die
2001 3607 2405 3673 Herrschaft
2464 3609 2560 3674 im
2617 3631 2886 3695 ganzen

544 3713 817 3797 „Reich,
869 3715 1009 3778 und
1058 3720 1215 3797 trat,
1258 3714 1594 3780 nachdem
1615 3715 2039 3781 Alexanders
2065 3715 2472 3780 Geschlecht
2494 3739 2580 3779 zu
2605 3716 2888 3781 Grunde

545 3843 937 3908 „gegangen
992 3844 1149 3905 war,
1221 3821 1430 3886 selbst
1499 3844 1587 3886 an
1650 3823 1891 3888 dessen
1954 3822 2230 3889 Stelle.”
2322 3822 2640 3888 Profecto
2686 3845 2887 3903 nemo

538 3934 637 3993 est
686 3929 853 4014 quin
900 3929 1134 3994 videat
1179 3929 1512 4015 Antigoni
1544 3937 1955 4017 potestatem
1980 3936 2142 3994 tuno
2167 3930 2489 4015 temporis
2529 3930 2600 3993 in
2625 3952 2888 3996 summo

534 4033 812 4120 fastigio
858 4033 1107 4101 fuisse:
1159 4036 1534 4102 Cassander
1584 4059 1748 4101 sane
1794 4036 1995 4102 rebus
2038 4036 2234 4102 novis
2280 4036 2353 4099 in
2377 4036 2607 4123 Epiro,
2637 4037 2885 4102 amissa

537 4143 936 4207 auctoritate
1018 4144 1092 4207 in
1159 4143 1444 4209 Graecia
1534 4142 1927 4208 debilitatus
1999 4149 2161 4226 erat,
2258 4142 2630 4208 Ptolemaei
2700 4144 2882 4208 vires

588 4394 641 4460 1)
679 4393 838 4448 Diod.
880 4394 964 4448 20.
1004 4394 1090 4447 46.
1129 4394 1178 4447 ὃ.

591 4482 638 4553 2)
677 4483 832 4537 Diod.
879 4483 963 4538 20.
1002 4482 1087 4535 53.
1125 4482 1173 4536 4.
1214 4482 1361 4537 Plut.
1399 4483 1638 4536 Demetr.
1684 4481 1766 4536 18.
