3338 5350
1534 500 1655 563 151

444 692 635 759 clade
677 694 858 781 apud
901 691 1318 759 Salaminem
1357 695 1767 777 deminutae,
1814 716 1940 759 nec
1985 700 2217 759 tamen
2261 693 2519 759 fractae
2562 703 2774 780 erant,

444 822 663 885 neque
708 800 926 885 magis
972 800 1418 885 Lysimachus
1463 801 1812 887 Antigono
1852 823 1978 888 par
2026 808 2208 865 erat:
2276 802 2393 866 sed
2440 802 2777 868 nihilomi-

442 929 569 970 nus
615 907 699 971 ab
745 907 877 972 hac
918 929 992 972 re
1038 908 1420 972 cavendum
1465 913 1585 990 est,
1637 930 1727 972 ne
1750 907 1951 972 nimis
1974 908 2132 972 huic
2155 908 2355 973 titulo
2379 909 2776 975 tribuamus,

441 1014 599 1099 Ipso
645 1012 829 1079 facto
875 1014 1058 1078 enim
1094 1013 1242 1099 jam
1287 1014 1447 1079 inde
1496 1014 1580 1079 ab
1627 1036 1806 1079 anno
1852 1015 2003 1096 316,
2053 1022 2129 1079 ut
2175 1037 2381 1102 supra
2426 1016 2780 1082 ostendere

442 1120 669 1186 conati
737 1142 985 1203 sumuS,
1056 1120 1422 1208 imperium
1483 1120 1887 1186 dissolutum
1959 1127 2124 1204 erat,
2181 1122 2328 1206 jam
2396 1127 2556 1186 ante
2599 1123 2781 1187 hunc

444 1249 695 1291 annum
741 1226 1128 1313 Antigonus
1174 1228 1428 1292 vindex
1475 1249 1778 1292 summae
1822 1229 2029 1293 totius
2076 1227 2318 1311 extitit,
2364 1231 2594 1314 itaque
2632 1228 2779 1313 jam

441 1333 655 1398 multo
726 1340 884 1398 ante
930 1355 1011 1398 ea
1058 1335 1468 1417 acciderunt,
1537 1357 1712 1421 quae
1780 1334 1914 1401 viri
1973 1334 2153 1399 docti
2221 1358 2426 1424 supra
2471 1337 2661 1402 citati
2707 1333 2779 1402 in

443 1442 624 1506 hunc
664 1462 918 1505 annum
962 1439 1341 1506 conserunt.

529 1547 890 1613 Praeterea
935 1554 1219 1613 eventus
1264 1570 1492 1614 rerum
1535 1556 1767 1615 monet
1808 1571 1954 1614 rem
2001 1550 2176 1635 quod
2229 1550 2316 1614 ad
2361 1551 2543 1639 ipsos
2568 1573 2779 1617 novos

441 1677 633 1740 reges
682 1656 942 1738 attinet,
992 1677 1131 1720 non
1175 1657 1350 1720 tanti
1393 1655 1621 1721 fuisse.
1668 1655 1839 1720 Cum
1886 1656 2133 1743 reliqui
2169 1658 2508 1745 principes
2548 1658 2779 1722 statim

439 1761 772 1847 Antigoni
851 1761 1237 1849 exemplum
1320 1765 1531 1828 secuti
1600 1762 1757 1844 sint,
1844 1762 2230 1849 Antigonus
2320 1764 2508 1829 nullo
2577 1766 2779 1830 modo

442 1868 708 1935 efficere
755 1870 997 1957 potuit,
1057 1875 1136 1933 ut
1194 1867 1558 1935 illustriore
1603 1869 1805 1935 titulo
1854 1871 2031 1935 inter
2073 1870 2367 1957 reliquos
2413 1871 2778 1937 diadochos

441 1977 744 2042 eniteret.

529 2082 906 2149 Cassander
949 2084 1095 2170 ipse
1140 2105 1320 2149 novo
1366 2084 1566 2149 titulo
1612 2106 1752 2150 non
1810 2107 1969 2150 usus
2017 2107 2159 2150 esse
2205 2086 2498 2169 videtur,
2547 2091 2779 2150 tamen

436 2191 508 2254 in
553 2189 846 2254 nummis
893 2196 959 2254 et
1007 2189 1224 2254 titulis
1270 2190 1578 2276 publicis,
1627 2191 1835 2255 etiam
1880 2191 1989 2256 1110
2034 2214 2153 2257 rex
2178 2191 2559 2279 appellatus
2584 2198 2685 2257 est
2706 2192 2776 2273 1).

437 2296 587 2362 Hoc
631 2303 902 2361 tantum
969 2302 1235 2362 constat
1294 2297 1489 2363 nobis
1559 2298 1722 2362 inde
1770 2297 1855 2362 ab
1902 2320 2079 2363 anno
2125 2299 2257 2363 306
2301 2319 2442 2363 non
2488 2297 2778 2385 amphus

436 2404 625 2490 loqui
683 2404 887 2471 licere
935 2405 1021 2469 de
1065 2405 1433 2491 provinciis
1500 2404 1773 2492 pristini
1832 2405 2096 2492 imperii
2141 2406 2536 2488 Alexandri,
2584 2405 2778 2470 nobis

436 2533 619 2576 nunc
687 2535 830 2577 rem
901 2535 1047 2578 esse
1116 2534 1270 2577 cum
1334 2512 1619 2577 diversis
1687 2512 1936 2598 regaie,
2007 2532 2164 2577 cum
2240 2513 2416 2577 veris
2484 2512 2777 2598 regibus

434 2619 666 2685 Etiam
708 2620 840 2708 ipsi
886 2622 1247 2709 principeS,
1293 2642 1476 2686 nunc
1515 2641 1729 2706 regeS,
1777 2620 2017 2685 habitu
2081 2626 2151 2686 et
2192 2620 2491 2687 moribus
2534 2621 2782 2686 mutati

438 2749 579 2793 esse
648 2728 988 2811 videntur,
1060 2728 1414 2815 superbius
1499 2750 1643 2793 sese
1703 2749 1937 2813 gerere
2003 2728 2360 2816 incipiunt,
2432 2736 2781 2813 tamquam

435 2835 794 2900 histriones
839 2837 957 2922 qui
1005 2835 1206 2900 simul
1248 2857 1404 2900 cum
1441 2835 1864 2900 vestimentis
1910 2836 2117 2899 etiam
2140 2836 2431 2920 gradum
2454 2841 2523 2900 et
2544 2858 2781 2900 vocem

435 2948 725 3025 mutant,
773 2949 853 3007 ut
904 2944 1170 3030 scripsit
1213 2942 1622 3007 Plutarchus
1671 2942 2056 3007 Demetrius
2101 2942 2204 3006 18.

524 3049 753 3113 Etiam
820 3072 927 3115 res
995 3057 1149 3137 post
1220 3071 1476 3113 annum
1544 3050 1677 3114 306
1747 3049 1832 3112 ab
1901 3048 2251 3134 Antigono
2320 3057 2389 3114 et
2433 3002 2781 3114 Demetrio

434 3161 686 3241 gestae,
736 3157 1201 3222 demonstrant
1247 3158 1347 3240 iis,
1396 3157 1453 3221 si
1497 3155 1776 3242 quidem
1817 3157 2210 3222 universum
2254 3157 2615 3244 imperium
2654 3156 2781 3220 sibi

434 3265 895 3347 vindicabant,
943 3286 1087 3329 rem
1155 3263 1364 3329 fuisse
1432 3285 1587 3328 cum
1657 3262 2058 3327 adversariis
2129 3264 2372 3350 quibus
2441 3269 2781 3351 postremo

432 3372 725 3458 impares
773 3394 915 3436 esse
961 3372 1088 3436 visi
1137 3377 1312 3436 sunt.
1385 3369 1578 3449 Quod
1620 3373 1769 3457 jam
1815 3371 2112 3438 ostendit
2160 3371 2500 3458 expeditio
2545 3376 2783 3434 contra

434 3478 902 3544 Ptolemaeum
948 3481 1108 3543 anni
1158 3479 1323 3561 3063
1371 3501 1510 3543 non
1555 3480 1781 3544 minus
1827 3479 2197 3544 clarissima
2240 3479 2470 3544 Rhodi
2497 3478 2780 3559 obsidio,

437 3607 610 3670 quae
679 3607 856 3650 anno
926 3586 1059 3650 304
1125 3585 1335 3650 finem
1402 3587 1604 3672 cepit,
1676 3608 1832 3650 cum
1900 3586 2174 3650 interim
2244 3586 2471 3651 omnia
2518 3607 2691 3670 quae
2742 3608 2782 3649 a

434 3691 780 3758 Demetrio
851 3693 924 3757 in
993 3693 1283 3758 Graecia
1351 3693 1666 3758 instituta
1733 3698 1946 3774 erant,
2024 3715 2063 3758 a
2136 3692 2513 3759 Cassandro
2589 3692 2782 3756 irrita

436 3797 619 3864 facta
687 3807 864 3865 sunt.
956 3801 1197 3866 Boeoti
1285 3800 1552 3867 Chalcis
1625 3808 1694 3866 et
1766 3800 2048 3866 Euboea
2117 3822 2259 3865 sese
2326 3822 2556 3864 rursus
2623 3800 2783 3864 huic

438 3906 971 3993 applicaverunt,
1038 3907 1350 3973 Athenae
1396 3909 1480 3973 ab
1521 3930 1599 3973 eo
1646 3907 1827 3973 bello
1873 3907 2222 3972 lacessitae
2278 3912 2455 3989 sunt,
2503 3906 2783 3971 castella

435 4012 701 4098 Phylen
793 4021 862 4079 et
941 4015 1322 4080 Panactum
1406 4016 1784 4103 occupavit,
1872 4014 1981 4079 vel
2068 4015 2155 4079 ad
2240 4015 2462 4102 ipsam
2544 4013 2782 4078 urbem

435 4128 654 4186 castra
711 4123 937 4208 posita
995 4128 1170 4187 sunt.
1267 4121 1400 4188 Sed
1474 4131 1628 4210 post
1687 4144 1928 4210 pacem
1987 4143 2142 4186 cum
2188 4121 2476 4187 Rhodiis
2522 4121 2777 4186 factam

434 4225 815 4293 Demetrius
875 4231 948 4293 in
1009 4229 1367 4294 Graeciam
1409 4230 1695 4294 revertit
1741 4235 1811 4294 et
1859 4230 2088 4294 omnia
2132 4229 2203 4292 in
2251 4228 2596 4314 integrum
2644 4249 2778 4292 res-

490 4458 535 4526 1)
572 4462 812 4517 Dittenb.
853 4463 972 4518 178.
