3338 5350
1713 545 1837 610 146

597 749 833 828 gratae
878 741 1172 824 fuerint3
1222 740 1506 806 fortasse
1551 741 1778 826 aliquo
1823 742 2024 806 modo
2069 742 2250 804 inter
2295 762 2364 806 se
2413 741 2719 805 altercati
2741 747 2934 820 sunt;

597 849 934 914 Diodorus
984 851 1164 913 enim
1211 849 1312 914 20.
1340 849 1448 913 37.
1473 850 1515 911 2
1561 869 1942 913 memorans
1964 848 2350 934 pactionem
2375 870 2578 932 quam
2604 870 2781 912 anno
2806 848 2940 912 308

600 956 919 1040 inierunt,
969 979 1121 1021 eam
1164 956 1383 1034 εἰρήνην
1428 956 1753 1020 nominat.

685 1063 903 1129 Urbes
973 1062 1297 1128 Graeciae
1367 1069 1595 1127 autem
1662 1084 1803 1127 non
1872 1062 2312 1126 vehementer
2359 1068 2734 1126 commotae
2782 1069 2941 1126 sunt

598 1170 885 1236 decretis
931 1171 1260 1257 Antigoni
1305 1178 1374 1234 et
1417 1168 1814 1250 Ptolemaei,
1852 1170 2148 1256 primum
2174 1170 2352 1254 quod
2376 1169 2628 1253 ubique
2653 1169 2938 1233 aderant

601 1275 962 1342 Cassandri
1007 1277 1365 1364 praesidia,
1411 1283 1560 1340 tum
1603 1277 1966 1363 praecipue
2012 1276 2195 1361 quod
2233 1275 2381 1360 jam
2419 1276 2689 1339 decreto
2734 1274 2937 1359 Poly-

600 1383 1017 1471 sperchontis
1066 1383 1327 1470 experti
1374 1389 1568 1447 erant
1614 1381 1783 1447 nihil
1824 1405 1865 1447 a
1907 1383 2159 1447 talibus
2205 1384 2544 1470 expectari
2578 1403 2775 1469 posse
2811 1382 2941 1445 nisi

597 1512 809 1556 novas
854 1490 1294 1555 calamitates

690 1600 921 1686 Ipsum
994 1597 1249 1662 bellum
1317 1600 1501 1662 vario
1540 1603 1759 1661 marte
1806 1619 1846 1662 a
1895 1596 2175 1661 diversis
2219 1595 2637 1683 principibus
2682 1598 2755 1659 in
2798 1617 2940 1659 om-

601 1705 798 1769 nibus
856 1704 1165 1792 partibus
1232 1706 1499 1791 imperii
1565 1713 1834 1788 gestum
1896 1709 2017 1768 est.
2085 1702 2462 1767 Cassander
2522 1702 2942 1788 aliquamdiu

601 1822 931 1899 occupata
967 1811 1190 1876 tenuit
1234 1810 1720 1897 Appolloniam
1767 1819 1835 1874 et
1880 1811 2323 1898 Epidaurum,
2372 1810 2491 1873 sed
2529 1831 2757 1874 rursus
2780 1809 2946 1872 inde
3062 1873 3073 1886 ,

599 1919 834 2007 pulsus
875 1926 996 2000 est,
1047 1920 1408 1983 auctoritas
1457 1916 1601 2002 ejus
1647 1919 1716 1981 in
1763 1916 1972 2005 Epiro
2020 1940 2183 1982 sane
2227 1938 2365 1981 non
2413 1925 2612 1982 aucta
2633 1923 2755 2000 est,
2779 1938 2944 1980 nam

599 2050 736 2093 rex.
766 2027 1040 2092 Alcetas
1085 2025 1226 2090 illic
1271 2027 1510 2092 solium
1564 2028 1829 2113 regium
1874 2028 2252 2113 occupavit,
2281 2032 2350 2089 et
2372 2026 2610 2090 eodem
2637 2033 2944 2112 tempore

603 2135 963 2201 auctoritas
1011 2134 1154 2220 ejus
1198 2135 1271 2198 in
1317 2134 1601 2199 Graecia
1645 2155 1917 2220 prorsus
1965 2135 2295 2198 exstincta
2340 2138 2459 2196 est.

690 2241 827 2308 Sed
874 2242 1007 2306 alio
1054 2242 1256 2306 modo
1300 2262 1407 2305 res
1453 2262 1597 2305 sese
1641 2239 1882 2305 habuit
1904 2241 1975 2304 in
2011 2239 2399 2305 Acarnania
2422 2245 2492 2303 et
2514 2240 2943 2323 Ambraciae,

604 2372 776 2435 quae
843 2350 1150 2434 regiones
1220 2348 1426 2412 etiam
1494 2347 1673 2412 bello
1741 2345 2217 2412 interfuerunt.
2289 2348 2456 2411 Pars
2504 2346 2946 2412 Acarnanum

605 2458 784 2520 enim
845 2455 991 2541 jam
1049 2455 1210 2521 inde
1256 2476 1296 2518 a
1339 2453 1643 2541 Philippi
1686 2454 2104 2542 temporibus
2147 2453 2588 2519 Macedoniae
2625 2456 2946 2519 societate

603 2561 965 2645 conjuncta
1032 2569 1195 2627 erat.
1264 2561 1437 2626 Cum
1501 2561 1896 2626 Alexander
1962 2561 2398 2626 Ambraciam
2444 2562 2514 2625 in
2558 2561 2947 2625 libertatem

601 2669 1018 2751 restituisset,
1082 2670 1166 2735 ab
1239 2670 1452 2734 altera
1512 2674 1708 2756 parte
1752 2670 1927 2735 ratio
1972 2670 2154 2734 inter
2199 2668 2492 2755 reliquas
2535 2669 2759 2754 gentis
2804 2667 2949 2732 illic

604 2778 793 2842 sedes
863 2777 1189 2842 habentes
1256 2786 1324 2841 et
1394 2777 1865 2841 Macedoniam
1929 2798 2067 2842 non
2128 2782 2393 2840 mutata
2462 2797 2605 2840 esse
2651 2776 2945 2840 videtur.

603 2884 798 2950 Bello
858 2883 1137 2948 Lamico
1197 2906 1355 2971 pars
1422 2884 1848 2949 Acarnaniae
1895 2905 2052 2947 cum
2098 2883 2463 2970 Antipatro
2508 2881 2691 2965 fecit,
2741 2883 2950 2948 etiam

605 3011 786 3055 nunc
833 3011 1011 3055 anno
1057 2991 1188 3054 316
1228 3013 1269 3054 a
1312 2997 1507 3077 parte
1554 2987 1917 3055 Cassandri
1964 2991 2170 3055 stetit.
2219 2990 2399 3054 Inito
2447 2991 2631 3054 enim
2667 2987 2944 3054 foedere

605 3119 762 3162 cum
823 3096 1199 3162 Cassandro
1268 3095 1524 3162 bellum
1592 3097 1968 3184 suscipiunt
2039 3102 2277 3161 contra
2339 3096 2639 3178 Aetolos,
2682 3117 2951 3183 semper

602 3204 1043 3269 Macedoniae
1089 3204 1527 3269 adversarios.

695 3311 867 3376 Cum
934 3317 1162 3375 autem
1232 3311 1453 3375 adhuc
1522 3311 1807 3398 dispersi
1872 3312 1945 3374 in
1994 3312 2174 3396 agris
2219 3311 2627 3394 habitarent,
2677 3317 2951 3375 auctore

607 3417 985 3483 Cassandro
1032 3439 1176 3482 sese
1218 3439 1401 3482 nunc
1445 3419 1860 3484 contrahunt
1904 3421 1976 3482 in
2022 3420 2276 3506 oppida
2314 3419 2595 3502 munita,
2622 3438 2755 3504 quo
2779 3415 2949 3481 faci-

604 3525 736 3589 lius
786 3545 928 3589 sese
974 3522 1420 3589 defenderent
1446 3526 1520 3608 ¹),
1567 3526 1746 3590 inter
1793 3525 1928 3590 alia
1975 3522 2243 3591 Stratus
2293 3531 2360 3589 et
2382 3524 2744 3610 Agrinium
2764 3546 2952 3588 nunc

606 3631 963 3695 firmantur
1031 3636 1101 3694 et
1168 3630 1667 3718 amplificantur
1709 3634 1779 3716 2).
1849 3632 1942 3697 Et
2004 3634 2241 3698 eodem
2284 3637 2591 3719 tempore
2627 3631 2950 3717 Lyciscus

606 3738 802 3825 Epiri
866 3743 1140 3824 praetor
1200 3736 1309 3818 (cf.
1362 3761 1426 3825 p.
1489 3740 1644 3826 132)
1712 3741 1791 3804 iis
1862 3762 1902 3802 a
1957 3737 2336 3804 Cassandro
2402 3738 2649 3803 auxilio
2709 3737 2952 3802 missus

611 3850 713 3909 est
779 3847 891 3927 (a0.
960 3844 1138 3927 314),
1205 3842 1596 3909 Acarnanes
1666 3854 1896 3910 autem
1967 3867 2151 3910 nunc
2219 3846 2494 3910 demum
2560 3851 2700 3910 tam
2764 3850 2953 3908 arcte

608 3949 952 4035 conjuncti
1040 3972 1183 4015 esse
1271 3951 1591 4016 videntur
1685 3950 2145 4035 Macedoniae,
2228 3958 2308 4015 ut
2387 3951 2550 4015 inde
2643 3950 2728 4014 ab
2819 3949 2955 4015 hoc

608 4064 911 4144 tempore
993 4063 1344 4143 tamquam
1410 4064 1647 4144 gentes
1715 4058 2158 4124 Macedoniae
2222 4058 2529 4144 adjectae
2594 4057 2957 4123 habendae

661 4308 713 4379 1)
755 4309 913 4364 Diod.
953 4310 1036 4364 19.
1075 4312 1160 4364 67.
1200 4312 1252 4363 4.
1292 4308 1650 4371 συνεβούλευεν·
1671 4307 1724 4359 ἐκ
1760 4314 1858 4358 τῶν
1895 4310 2081 4373 ὀχυρῶν
2116 4308 2204 4358 καὶ
2236 4314 2412 4372 tampsi«
2446 4310 2636 4373 χωρίων
2671 4307 2738 4366 εἷς
2773 4308 2958 4371 ὀλίγας

608 4401 775 4455 πόλεις
812 4403 1121 4461 μετοικῆσαι.

665 4488 715 4558 2)
758 4489 914 4543 Diod.
952 4490 1026 4544 l.l.
