3338 5350
1607 528 1736 593 165

487 724 828 811 apparuit·
891 722 1188 810 reliquos
1293 722 1586 788 Graecos
1680 745 1791 789 eos
1882 724 2068 790 haud
2162 746 2349 789 secus
2458 748 2557 790 ac.
2626 731 2828 792 antea

486 832 726 896 timere
753 832 824 913 ¹).

575 937 915 1003 Achaicae
975 938 1174 1003 urbes
1235 944 1528 1023 quatuor
1588 938 1828 1002 eodem
1882 960 2061 1003 anno
2107 961 2250 1003 sese
2295 940 2365 1002 in
2412 961 2623 1004 unum
2668 961 2824 1004 con-

479 1045 873 1131 junxerunt,
936 1045 1125 1130 origo
1190 1044 1366 1110 fiunt
1430 1045 1769 1110 societatis
1831 1043 2190 1111 Achaicae.
2267 1046 2379 1111 Sic
2442 1068 2566 1133 per
2609 1052 2827 1112 totam

487 1151 843 1217 Graeciam
912 1153 1096 1217 idem
1157 1151 1459 1216 studium
1505 1151 1840 1216 libertatis
1887 1152 2243 1235 cernimus,
2305 1152 2560 1239 ubique
2625 1154 2828 1219 docu-

488 1264 716 1323 menta
777 1260 1025 1323 adsunt
1068 1258 1377 1342 regiones
1421 1258 1592 1341 illas,
1643 1279 2066 1344 quocumque
2112 1259 2313 1324 modo
2359 1281 2507 1324 sese
2550 1259 2826 1345 habent,

359 1413 372 1420 -
484 1365 672 1430 nullo
742 1365 941 1430 modo
1016 1364 1564 1450 „semimortuas”
1635 1365 1975 1430 nominari
2036 1386 2250 1452 posse,
2317 1372 2391 1428 ut
2439 1366 2604 1434 dicit
2643 1389 2709 1432 V.
2761 1368 2824 1432 d.

485 1494 623 1537 van
692 1472 945 1537 Gelder
1014 1494 1080 1558 p.
1129 1473 1217 1537 36
1287 1473 1374 1536 ad
1438 1471 1757 1559 Spartam
1817 1479 2148 1558 spectans,
2211 1472 2447 1537 Potius
2489 1472 2826 1556 judicium

487 1576 548 1642 vi
578 1577 640 1642 di
695 1578 901 1643 Helm
986 1601 1365 1663 sequamur,
1442 1580 1556 1664 qui
1625 1580 1687 1645 4.
1759 1580 1890 1644 203
1937 1577 2224 1666 probare
2269 1585 2570 1661 conatur,
2618 1579 2826 1666 idque

477 1686 650 1770 jure,
715 1707 866 1750 mea
929 1686 1203 1770 quidem
1252 1686 1610 1768 sententia,
1659 1686 2108 1751 Athenienses
2155 1685 2341 1750 tertii
2387 1685 2596 1752 seculi
2639 1685 2823 1751 haud

482 1794 705 1871 minus
774 1791 984 1858 fortes
1055 1800 1120 1857 et
1183 1792 1444 1858 validos
1510 1792 1715 1857 fuisse
1790 1814 1996 1877 quam
2064 1793 2308 1877 quarti,
2379 1814 2533 1858 cum
2605 1792 2821 1857 dicat:

487 1899 756 1985 „Athen
826 1898 945 1963 hat
1003 1921 1140 1964 von
1202 1900 1333 1963 323
1390 1898 1491 1963 bis
1555 1906 1731 1964 etwa
1792 1900 1923 1964 300
1969 1899 2216 1966 Krisen
2270 1898 2821 1983 durchgemacht,

487 2005 780 2092 „welche
840 2005 1015 2071 nach
1060 2005 1287 2072 Allem
1332 2028 1470 2071 was
1518 2004 1944 2091 vorgefallen
1991 2027 2152 2087 war,
2202 2004 2383 2070 wohl
2428 2004 2821 2090 begreiflich

488 2113 698 2197 „sind‚
769 2112 1036 2192 Krisen‚
1108 2112 1181 2177 in
1250 2112 1471 2177 denen
1534 2111 1694 2178 bald
1762 2113 1939 2177 nach
2010 2113 2130 2177 der
2169 2112 2388 2193 einen,
2438 2112 2597 2176 bald
2644 2113 2820 2178 nach

486 2221 646 2305 „der
692 2219 951 2283 andern
998 2217 1182 2288 Seite
1229 2219 1348 2284 hin
1396 2219 1517 2284 das
1563 2219 1787 2284 Maass
1828 2219 2324 2283 fiberschritten
2366 2220 2617 2302 wurde‚
2645 2219 2822 2283 nach

486 2327 646 2411 „der
707 2325 1161 2411 Beendigung
1221 2327 1439 2391 dieser
1499 2327 1749 2392 Krisen
1811 2326 1933 2390 hat
1980 2327 2088 2392 die
2134 2326 2339 2390 Stadt
2384 2326 2525 2391 sich
2571 2326 2824 2391 wieder

488 2433 705 2520 „ihrer
749 2453 1029 2518 grossen
1078 2433 1635 2518 Vergangenheit
1680 2433 1948 2518 wiirdig
1995 2432 2465 2498 benommen.”

569 2541 661 2604 Et
738 2539 922 2625 quod
1005 2539 1251 2604 attinet
1321 2540 1406 2604 ad
1484 2539 1942 2626 pestilentiam
2014 2563 2189 2626 (11130
2254 2540 2338 2605 118
2406 2542 2822 2627 temporibus

482 2647 838 2713 Graeciam
921 2645 1262 2730 afflixerit,
1348 2652 1508 2712 sunt
1588 2647 1796 2713 hodie
1883 2647 2000 2733 qui
2075 2648 2160 2713 de
2225 2647 2355 2714 hac
2426 2668 2694 2734 quoque
2748 2669 2823 2713 re

481 2754 798 2820 dubitent
821 2755 897 2840 2).

570 2861 915 2946 Quidquid
962 2863 1046 2926 de
1092 2861 1198 2926 his
1247 2862 1558 2927 omnibus
1606 2868 1726 2946 est,
1755 2863 1917 2928 socii
1951 2863 2194 2928 Graeci
2220 2863 2308 2928 ad
2333 2862 2822 2951 Thermopylas

479 2974 944 3033 convenerunt
1027 2969 1114 3033 ad
1196 2968 1429 3034 Gallos
1515 2969 1940 3035 avertendos
2013 2971 2267 3034 Decem
2333 2970 2524 3035 milia
2590 2971 2821 3055 gravis

478 3082 861 3140 armaturae
921 3083 989 3139 et
1050 3076 1183 3141 500
1246 3076 1504 3161 equites
1567 3076 1998 3160 Boeotorum,
2064 3075 2308 3162 quibus
2344 3074 2823 3163 'praefuerunt

476 3191 765 3267 quatuor
832 3181 1325 3265 Boeotarchae3
1397 3183 1778 3249 Phocenses
1848 3189 2081 3248 autem
2141 3183 2273 3246 500
2336 3183 2618 3268 equites,
2689 3183 2821 3247 tria

475 3288 665 3353 milia
709 3289 1022 3376 peditum
1069 3289 1420 3355 miserunt.
1467 3289 1839 3356 Locrorum
1889 3291 2072 3376 apud
2107 3289 2504 3354 Atalantem
2528 3289 2820 3353 insulam

473 3401 742 3483 praesto
805 3394 1082 3460 fuerunt
1144 3396 1586 3483 septingenti.
1621 3397 1892 3480 militeS,
1956 3396 2454 3481 Megarensium
2501 3396 2822 3481 quadrin-

473 3504 662 3587 genti
745 3524 899 3568 cum
983 3508 1165 3568 certo
1248 3525 1530 3569 numero
1616 3505 1939 3589 equitum.
2023 3503 2420 3570 Aetolorum
2486 3504 2820 3569 maximus

474 3631 793 3674 numerus
884 3607 1130 3693 adfuit,
1222 3631 1349 3675 nec
1437 3616 1671 3676 tamen
1740 3616 2005 3676 constat
2071 3617 2238 3695 quot
2304 3609 2594 3698 profecti
2663 3610 2819 3693 sint.

473 3719 694 3783 Duces
765 3739 996 3785 eorum
1060 3716 1340 3783 fuerunt
1398 3716 1819 3803 Polyarchus
1882 3717 2280 3804 Polyphron
2351 3724 2419 3781 et
2477 3718 2816 3783 LacrateS.

472 3825 997 3890 Atheniensium
1065 3831 1294 3890 autem
1355 3825 1495 3889 dux
1548 3822 1684 3888 fuit
1729 3821 2102 3911 Callippus,
2154 3846 2354 3909 quem
2402 3825 2615 3891 secuti
2661 3831 2820 3889 sunt

473 3934 606 3998 500
650 3934 910 4018 equites
962 3938 1029 3996 et
1076 3931 1262 3996 mille
1307 3931 1637 4018 peditum,
1682 3952 1838 3995 cum
1862 3931 2180 3997 universa
2205 3931 2438 4013 classe,
2464 3929 2820 4019 Callippus

526 4201 572 4258 1)
610 4201 807 4255 Justin.
848 4200 931 4253 24.
974 4201 1020 4253 1.
1063 4200 1110 4253 7.
1176 4199 1610 4268 „Reparantibus
1671 4198 1867 4253 deinde
1925 4199 2211 4267 Spartanis
2260 4197 2484 4265 bellum,
2541 4197 2810 4253 auxilium

478 4289 717 4358 „multae
776 4289 1027 4342 civitates
1087 4292 1446 4358 negaverunt,
1486 4289 1866 4343 existimantes
1906 4305 2000 4342 eos
2038 4287 2473 4341 dominationem
2509 4304 2622 4341 non
2658 4287 2819 4340 liber-

482 4381 685 4448 „tatem
723 4377 988 4432 Graeciae
1029 4375 1346 4444 quaerere.”

524 4467 571 4535 2)
611 4468 775 4521 Ρ3118.
815 4467 863 4520 7.
904 4469 952 4520 7.
993 4468 1041 4521 1.
1081 4468 1243 4522 Niese
1281 4468 1330 4521 2.
1373 4468 1441 4521 16
1479 4483 1604 4521 ann.
1643 4467 1694 4520 5.
