3338 5350
1720 517 1764 579 2

565 714 921 793 tamquam
964 710 1155 791 regio
1198 709 1639 774 Macedoniae
1683 709 2056 793 InferioriS,
2101 711 2354 777 deinde
2373 715 2593 799 magis
2616 714 2902 802 Septen·

564 814 857 880 trionem
900 838 1135 880 versus
1176 815 1526 897 Bottiaea3
1572 824 1742 899 tum,
1795 819 2166 883 secundum
2203 819 2460 885 Axium
2479 820 2736 886 flumen
2757 844 2903 887 sese

565 923 876 1008 porrigit,
945 923 1037 987 ad
1098 922 1363 987 Pellam
1410 932 1479 987 et
1524 945 1714 987 mare
1757 945 1992 1009 usque,
2041 936 2334 1010 angusta
2375 927 2566 1012 regio
2611 950 2654 992 a
2695 936 2904 1014 gente

565 1029 867 1113 quadam
929 1027 1267 1094 Paeonica
1334 1029 1666 1111 habitata,
1736 1031 1846 1095 cui
1889 1030 2327 1118 Amphaxitis
2371 1055 2622 1099 nomen
2665 1034 2800 1099 fuit
2825 1042 2901 1116 ¹).

566 1134 915 1200 Orientem
998 1158 1233 1200 versus
1303 1136 1391 1200 ad
1462 1134 1898 1221 Strymonem
1961 1137 2219 1204 flumen
2265 1163 2482 1225 usque
2523 1141 2902 1227 Mygdonia

564 1263 711 1306 sese
775 1243 1101 1325 extendit,
1170 1243 1247 1306 in
1310 1252 1508 1330 parte
1575 1244 2006 1309 meridionali
2076 1246 2530 1333 complectens
2586 1249 2900 1334 regiones

564 1350 741 1413 circa
784 1349 1049 1414 Bolben
1092 1349 1319 1414 lacum
1362 1351 1547 1414 sitas,
1612 1349 1924 1415 Eordaea
1957 1358 2108 1416 tum
2150 1375 2192 1417 a
2238 1353 2639 1440 Thucydide
2683 1356 2900 1419 nomi-

562 1464 731 1520 nata
772 1455 861 1520 ab
926 1455 1294 1521 Occidente
1358 1457 1715 1521 Bottiaeae
1759 1457 2131 1544 porrigitur
2173 1481 2387 1544 usque
2437 1460 2524 1524 ad
2569 1461 2900 1525 Edessam

563 1563 893 1649 oppidum
934 1561 1079 1628 fere
1099 1562 1169 1641 2).
1216 1563 1560 1650 Almopia,
1611 1561 2161 1649 Septentrionem
2205 1587 2444 1630 versus
2488 1567 2772 1632 confinis
2796 1576 2900 1632 est

561 1668 1063 1756 Pelagoniae-et
1086 1670 1446 1735 Paeoniae.
1486 1669 1838 1734 Postremo
1858 1670 2009 1736 loco
2031 1671 2472 1736 nominantur
2493 1674 2898 1758 Anthemus,

564 1775 915 1843 Crestonia
954 1778 1031 1863 ³),
1090 1778 1379 1843 Bisaltia
1422 1777 1477 1859 ⁴)
1522 1799 1730 1864 supra
1775 1777 2210 1843 Chalcidicen
2254 1780 2426 1844 sitae
2471 1790 2544 1845 et
2585 1782 2898 1867 regiones

562 1884 865 1971 ipsorum
930 1885 1383 1951 Macedonum
1446 1885 1628 1948 inter
1694 1883 1952 1948 Axium
1995 1894 2066 1950 et
2112 1883 2548 1971 Strymonem
2590 1888 2897 1970 flumina,

562 1990 981 2076 Mygdoniae
1036 1991 1390 2073 finitimae,
1454 1989 1980 2076 complectentes
2045 1991 2342 2078 reliquos
2419 2015 2622 2080 agros
2681 2017 2899 2080 usque

561 2098 651 2162 ad
718 2097 1153 2164 Chalcidicen
1216 2096 1710 2185 paeninsulam.
1779 2098 1943 2184 Ipsa
1987 2097 2394 2182 Chalcidice,
2439 2101 2898 2188 geographice

560 2205 891 2270 Thraciae
939 2206 1397 2291 adjudicanda
1437 2204 1515 2290 5),
1581 2225 1942 2290 conspersa
1985 2202 2120 2268 fuit
2163 2206 2442 2270 coloniis
2480 2204 2898 2272 Graecorum

559 2313 856 2378 maxime
898 2312 1315 2378 florentibus.

647 2419 777 2485 His
862 2420 1280 2507 praecedunt
1360 2418 1543 2506 apud
1611 2417 2083 2503 Thucydidem
2147 2426 2387 2505 gentes
2453 2420 2898 2485 Macedoniae

562 2523 965 2613 Superioris,
1034 2527 1413 2612 Lyncestae
1455 2524 1823 2589 Elimiotae
1862 2524 2191 2609 aliaeque,
2230 2525 2578 2610 subjectae
2618 2528 2897 2613 quidem

561 2640 635 2699 et
701 2633 1063 2719 adjunctae
1128 2633 1593 2716 Macedoniae,
1656 2639 1892 2697 tamen
1951 2655 2170 2719 regna
2212 2633 2484 2720 singula
2529 2636 2899 2722 separatim

556 2740 908 2806 habentes.
976 2741 1358 2827 Lyncestae
1402 2747 1633 2805 autem
1675 2739 1994 2803 habitant
2035 2741 2346 2825 regiones
2392 2740 2479 2805 ab
2528 2741 2896 2806 Occidente

556 2848 930 2931 Eordaeae,
990 2848 1110 2913 ubi
1168 2854 1405 2935 mea
1467 2847 1744 2911 condita
1786 2852 1890 2910 est
1935 2847 2095 2910 urbs
2138 2846 2474 2911 Heraclea
2516 2848 2896 2933 LyncestiS,

558 2955 739 3020 circa
779 2954 1083 3020 Barnum
1122 2961 1427 3019 montem
1469 2975 1688 3038 usque
1732 2954 1820 3017 ad
1862 2951 2198 3037 Pylonem
2242 2954 2472 3019 vicum
2492 2955 2568 3019 in
2587 2955 2897 3019 terminis

558 3062 990 3149 Lyncestidis
1035 3063 1261 3144 situm,
1306 3061 1533 3125 lacum
1574 3059 2061 3145 Lychnitidem
2105 3082 2359 3143 versus,
2409 3083 2450 3125 a
2492 3083 2628 3147 quo
2672 3082 2896 3181 segre-

554 3175 810 3254 gantur
862 3167 1035 3253 jugo
1092 3168 1448 3232 montium.
1507 3167 1776 3232 Nomen
1824 3174 2052 3232 autem
2097 3168 2454 3252 antiquum
2499 3167 2704 3253 hujus
2740 3167 2898 3253 jugi

558 3282 855 3340 aetatem
898 3296 1039 3340 non
1082 3274 1262 3357 tulit,
1309 3274 1684 3359 Byzantini
1705 3295 1864 3339 eum
1884 3272 2314 3360 Pyrenaeum
2334 3281 2635 3339 montem
2662 3274 2896 3362 appel-

556 3381 707 3447 lant
747 3381 827 3468 ⁶).
872 3382 1214 3447 Elimiotis
1259 3382 1556 3446 secundo
1600 3381 1750 3446 loco
1794 3382 2168 3464 nominata,
2212 3381 2564 3446 invenitur
2604 3382 2680 3446 in
2699 3387 2897 3469 parte

606 3578 656 3647 ¹¹)
693 3578 896 3633 Strabo
930 3579 1053 3632 329.
1088 3579 1155 3631 fr.
1195 3580 1280 3631 ll.
1316 3582 1524 3636 Παίονες
1558 3579 1612 3629 δὲ
1652 3580 1727 3626 τὰ
1761 3580 1868 3638 περὶ
1899 3580 1984 3627 τᾶν
2021 3575 2182 3638 Ἀξιὸν
2197 3577 2894 3639 wormundo-ivamus·

554 3686 634 3724 νην
668 3664 755 3716 διὰ
787 3674 941 3718 τοῦτο
974 3666 1303 3733 ’Awgin-av.

604 3756 663 3824 2)
700 3757 905 3811 Strabo
939 3755 1062 3810 323.
1102 3756 1315 3810 Plinius
1350 3757 1402 3808 4.
1442 3756 1528 3809 17.

605 3845 655 3912 3)
690 3846 895 3900 Herod.
931 3846 982 3897 7.
1020 3845 1142 3898 124.
1202 3842 1487 3906 Ἐχείδυρον
1514 3843 1569 3904 ὃς
1601 3841 1659 3892 ἔκ
1697 3846 2041 3905 Κρηστωναίων
2077 3841 2340 3906 ἀρξάμενος
2377 3844 2464 3906 ἱέτι
2502 3844 2587 3894 διὸ
2623 3843 2899 3909 Μυγδονίης

552 3931 759 3996 zanca
792 3935 914 3989 127.

606 4021 655 4091 4)
693 4022 896 4077 Strabo
930 4023 1054 4076 331.
1087 4023 1158 4075 fr.
1192 4022 1297 4087 365
1333 4023 1456 4075 329.
1498 4024 1583 4075 11.

608 4111 660 4177 5)
696 4112 900 4166 Strabo
935 4112 1058 4165 329.
1093 4112 1161 4165 fr.
1200 4113 1285 4165 ll.
1321 4106 1629 4172 ὖνομᾶζοντο
1665 4110 1764 4160 δὀἱ
1796 4108 1881 4160 ἐπὶ
1917 4109 2109 4177 Θρᾴκης
2143 4111 2416 4173 Χαλκιδεῖς.

604 4199 657 4266 6)
694 4199 897 4254 Strabo
948 4199 1057 4253 323
1110 4204 1168 4254 et
1220 4201 1346 4253 326.
1398 4200 1592 4264 Polyb.
1629 4200 1717 4252 34.
1774 4199 1860 4252 12.
1908 4199 1960 4252 5.
2012 4205 2236 4258 Πυλῦνος
2282 4203 2436 4249 τόπου
2469 4195 2714 4261 ὁρίζοντος
2748 4196 2796 4248 ἔν
2829 4205 2896 4264 τῇ

552 4287 643 4351 ὁδῷ
695 4287 785 4346 τήν
836 4306 896 4337 τε
946 4287 1189 4350 Ἰλλυρίδα
1242 4292 1329 4339 καὶ
1379 4293 1472 4348 τὴν
1530 4287 1844 4338 Μακεδονίαν.
1880 4289 1951 4341 cf.
1986 4289 2320 4359 Margaritus
2355 4290 2632 4343 Demitsas
2669 4288 2897 4352 Ἀρχαία

550 4378 845 4443 γωγραφία
878 4382 971 4439 τῆς
1006 4376 1325 4437 Μακεδονίας.
1359 4378 1589 4431 Athenis
1638 4376 1792 4430 1870.
1832 4379 1859 4430 I
1897 4395 2023 4447 pag.
2061 4379 2112 4431 4.
2151 4381 2206 4431 et
2243 4379 2312 4431 II.
2334 4379 2453 4431 151.
2493 4379 2572 4432 De
2606 4379 2894 4447 Pyrenaeo

554 4471 744 4521 monte
780 4468 851 4521 cf.
887 4468 1114 4522 Demits.
1151 4468 1178 4519 Ι
1214 4468 1288 4521 30
1322 4484 1441 4535 sqq.
