3338 5350
1537 524 1662 588 177

424 720 571 806 jam
620 727 821 787 antea
868 723 956 787 ad
1016 722 1485 787 Macedoniam
1530 720 2043 808 pertinuerunt3
2093 722 2347 809 oppida
2390 729 2625 787 contra
2658 722 2759 818 'ad

430 828 655 893 lacum
693 827 1172 914 Lychnitidem
1219 828 1349 893 sita
1390 826 1806 905 κατελάβετο,
1854 850 1935 893 00
1971 828 2182 914 igitur
2227 829 2515 893 antehac
2538 828 2756 893 Mace-

433 935 673 1000 doniae
721 956 857 1000 non
904 936 1543 1001 adnumerabantur.
1592 935 1795 1001 Unde
1841 936 2159 1020 sequitur,
2207 935 2760 1021 quandoquidem

429 1040 840 1129 Antipatria,
903 1041 1401 1130 Chrysondyon
1469 1048 1536 1107 et
1582 1042 1829 1107 Gertus
1876 1043 2006 1107 sita
2051 1047 2213 1107 sunt
2255 1043 2436 1107 inter
2478 1042 2760 1129 Pelago-

429 1148 615 1212 niam
685 1157 754 1213 et
814 1150 1039 1214 lacum
1099 1148 1598 1236 Lychnitidem,
1667 1154 1746 1213 ut
1816 1170 1898 1213 ex
1965 1149 2199 1214 ordine
2270 1149 2674 1237 oppidorum
2722 1172 2762 1213 a

429 1253 717 1340 Polybio
761 1257 1014 1321 tradito
1062 1260 1365 1343 apparet,
1434 1256 1640 1341 idque
1685 1254 1758 1321 in
1806 1262 2033 1321 monte
2095 1257 2213 1341 qui
2257 1279 2298 1321 a
2344 1256 2761 1342 sequioribus

430 1361 819 1447 Pyrenaeus
866 1369 1165 1447 vocatur,
1237 1384 1392 1427 cum
1436 1362 1742 1448 regiones
1798 1361 1976 1427 lacui
2021 1362 2418 1448 Lychnitidi
2464 1362 2760 1427 confines

430 1489 612 1532 nunc
655 1469 929 1533 demum
996 1469 1434 1534 Macedoniae
1481 1468 1960 1555 adjungantur,
2024 1489 2177 1533 cum
2224 1468 2310 1533 de
2355 1468 2545 1535 Pelio
2589 1465 2762 1534 nihil

426 1575 759 1657 tradatur,
805 1575 933 1640 1100
978 1576 1308 1663 oppidum
1350 1576 1559 1662 igitur
1594 1575 2065 1641 verosimiliter
2080 1574 2226 1660 jam
2249 1575 2761 1641 Macedonicum

430 1681 552 1762 sit3
625 1681 992 1747 terminum
1061 1680 1563 1747 Occidentalem
1620 1681 2060 1748 Macedoniae
2123 1688 2280 1747 ante
2329 1704 2583 1748 annum
2628 1683 2759 1747 217

431 1794 518 1870 et,
589 1793 667 1852 ut
733 1810 937 1875 supra
1003 1789 1538 1855 demonstratum
1587 1794 1709 1871 est,
1756 1788 1917 1853 inde
1964 1789 2050 1853 ab
2095 1789 2444 1874 Antigono
2492 1789 2762 1854 Gonata

428 1891 635 1960 fuisse
679 1896 1106 1982 Pyrenaeum
1152 1902 1474 1963 montem.

518 2000 566 2065 J
568 2023 680 2066 am
746 2024 949 2091 supra
1020 2006 1189 2091 (cap.
1236 2003 1327 2067 Π.
1384 2024 1449 2089 p.
1502 2003 1636 2084 61.)
1706 2002 2169 2068 demonstrare
2239 2003 2466 2068 conati
2533 2024 2761 2067 sumus

426 2106 870 2195 Antipatrum
916 2109 1271 2175 condenda
1319 2109 1711 2197 Antipatria
1757 2110 1845 2174 ad
1867 2109 2131 2197 Apsum
2154 2108 2427 2193 flumen,
2473 2130 2762 2196 regnum

428 2215 939 2281 Macedonicum
1006 2238 1218 2302 usque
1294 2217 1377 2281 ad
1428 2237 1510 2280 ea
1553 2215 1703 2281 loca
1751 2215 2013 2281 auxisse
2061 2222 2129 2280 et
2171 2215 2507 2299 firmasse3
2556 2216 2763 2281 etiam

393 2334 404 2343 ’
427 2344 715 2407 regnum
760 2312 1092 2408 Antigoni
1141 2323 1451 2389 Gonatae
1499 2344 1714 2408 usque
1742 2323 1829 2387 ad
1855 2322 1983 2387 hoc
2005 2323 2337 2410 oppidum
2357 2322 2763 2410 pertinuisse

427 2429 719 2513 videtur,
767 2436 848 2494 ut
891 2436 1178 2518 apparet
1220 2451 1304 2494 ex
1350 2429 1429 2493 iis
1478 2451 1655 2514 quae
1702 2435 2090 2514 sequuntur.
2152 2428 2476 2516 Polybius
2521 2430 2585 2495 5.
2634 2429 2764 2494 108

427 2533 668 2600 ultimo
736 2535 883 2602 loco
954 2542 1226 2623 captum
1291 2557 1434 2601 esse
1503 2558 1545 2599 a
1609 2535 1929 2623 Philippo
1999 2536 2211 2600 tradit
2256 2536 2763 2601 Pisantinorum

427 2642 756 2731 oppidum
806 2640 1180 2730 Orgyssum
1226 2642 1618 2728 (Orgessum
1662 2642 1970 2725 Becker).

520 2746 704 2815 Situs
776 2756 1002 2815 autem
1068 2748 1270 2835 hujus
1333 2749 1569 2837 oppidi
1634 2755 1919 2837 apparet
1966 2772 2048 2815 ex
2093 2750 2293 2816 Livio
2332 2751 2439 2815 31.
2484 2751 2591 2834 27,
2648 2751 2765 2835 qui

427 2857 501 2920 in
544 2856 994 2943 descriptione
1040 2856 1486 2943 expeditionis
1534 2856 1612 2920 L.
1662 2855 1937 2943 Apustii
2002 2855 2216 2943 legati
2261 2858 2553 2922 Romani
2602 2858 2764 2921 anni

434 2964 560 3028 199
606 2963 775 3028 haec
818 2963 1013 3029 nobis
1059 2963 1307 3028 tradit:
1372 2963 1702 3051 Apustius
1748 2983 1785 3028 e
1831 2963 2066 3028 castris
2112 2962 2441 3028 Romanis
2484 2963 2763 3027 munitis

429 3070 609 3133 inter
674 3067 1110 3158 Apolloniam
1178 3077 1246 3134 et
1310 3067 1774 3156 Epidamnum
1843 3070 1931 3134 ad
1998 3069 2261 3157 Apsum
2308 3069 2562 3134 flumen
2608 3090 2761 3156 pro-

426 3174 664 3261 fectus,
737 3183 1077 3263 „extrema
1144 3177 1582 3242 Macedoniae
1626 3175 2010 3263 populatus,
2074 3173 2420 3261 Corrhago
2483 3182 2552 3241 et
2597 3176 2763 3240 Ger·

436 3283 670 3369 „runio
715 3290 785 3348 et
831 3283 1118 3370 Orgesso
1186 3283 1476 3349 castellis
1543 3284 1761 3370 primo
1829 3283 2094 3370 impetu
2156 3284 2371 3370 captis
2419 3283 2503 3347 ad
2566 3282 2761 3348 Anti-

435 3396 781 3476 „patream
850 3389 1102 3455 venit.”
1196 3387 1371 3467 Quid
1421 3396 1707 3477 apparet
1758 3411 1843 3454 ex
1886 3389 2049 3455 his?
2116 3374 2342 3454 Primo
2410 3390 2580 3456 haec
2620 3413 2760 3456 cas-

426 3495 593 3560 tella
639 3498 771 3562 sita
817 3495 1026 3562 fuisse
1094 3496 1179 3560 ab
1226 3496 1590 3561 Occidente
1635 3495 2087 3583 Antipatriae,
2136 3498 2209 3561 in
2251 3498 2566 3561 extremis
2611 3498 2760 3562 fini-

427 3603 554 3667 bus
592 3603 1047 3668 Macedoniae.
1094 3602 1361 3667 Deinde
1407 3601 1777 3668 similitudo
1822 3604 2112 3669 nominis
2157 3604 2432 3690 Orgessi
2471 3611 2541 3669 et
2581 3605 2765 3692 apud

427 3708 706 3774 Livium
753 3716 820 3774 et
860 3710 1043 3798 apud
1074 3708 1458 3795 Polybium,
1504 3730 1628 3774 nos
1653 3730 1733 3774 eo
1757 3710 1947 3774 ducit
1970 3717 2050 3774 ut
2069 3711 2484 3796 suspicemur
2505 3718 2764 3776 utrum-

428 3838 560 3902 que
604 3817 997 3904 scriptorem
1042 3817 1131 3881 ad
1176 3816 1359 3881 idem
1407 3816 1738 3903 oppidum
1798 3823 2161 3903 spectasse,
2230 3816 2763 3905 Philippumque

430 3932 517 3987 00.
566 3921 696 3987 217
754 3922 1007 3988 Bantia
1052 3928 1256 4010 capta
1318 3944 1461 3988 sese
1505 3922 1578 3988 in
1626 3922 2064 3988 Occidentem
2102 3923 2406 4006 vertisse,
2446 3945 2761 4009 regnum-

431 4050 563 4115 que
628 4051 822 4094 suum
869 4027 1154 4115 Orgesso
1179 4035 1507 4115 occupato
1562 4027 1743 4092 ultra
1788 4026 2250 4116 Antipatriam
2300 4029 2764 4116 amplificasse,

427 4135 895 4223 Antipatriam
964 4142 1191 4201 autem
1268 4136 1555 4199 eandem
1633 4135 1719 4199 ob
1799 4156 2071 4201 causam
2149 4156 2226 4199 ac
2296 4134 2562 4200 Pelium
2630 4158 2769 4201 non

428 4249 871 4307 memoratam
981 4263 1144 4324 esse,
1239 4241 1421 4327 quod
1508 4240 1652 4326 jam
1750 4243 1823 4306 in
1900 4241 2342 4307 Macedoniae
2429 4249 2763 4330 potestate

429 4354 598 4413 erat.
688 4347 859 4413 Cum
921 4350 1132 4433 igitur
1193 4347 1517 4434 Orgessus
1575 4347 1658 4412 ab
1708 4348 2074 4413 Occidente
2116 4347 2551 4436 Antipatriae
2598 4349 2763 4413 situs

431 4466 519 4524 a0.
567 4457 696 4521 217
767 4479 807 4520 a
873 4455 1194 4543 Philippo
1257 4461 1493 4543 captus
1562 4455 1668 4538 sit,
1738 4455 2137 4521 concludere
2195 4455 2353 4519 licet
2414 4477 2630 4541 usque
2675 4455 2758 4519 ad

2483 4572 2549 4624 12
