3338 5350
1679 517 1724 583 4

538 713 789 778 tionem
835 713 908 777 in
954 710 1411 778 Acarnaniam
1458 713 1708 779 sociam
1751 710 2271 777 Atheniensium
2294 709 2600 779 facturae
2623 716 2866 795 essent,

541 820 809 886 Orestas
881 842 1147 906 quoque
1214 841 1366 885 cum
1435 841 1594 906 rege
1667 841 1899 885 eorum
1959 819 2137 884 inter
2182 841 2295 884 eas
2340 819 2666 901 nominat,
2714 840 2867 883 cum

536 928 893 993 Perdiccas
980 927 1418 993 Macedoniae
1499 949 1636 1011 rex,
1710 928 1925 992 socius
2015 926 2553 1010 Atheniensium,
2624 926 2867 1012 quibus

541 1035 1036 1119 quodammodo
1081 1034 1408 1100 obnoxius
1456 1040 1601 1100 erat
1642 1033 1715 1120 1),
1763 1040 2031 1099 coactus
2077 1039 2251 1099 esset
2296 1032 2554 1099 occulte
2599 1033 2868 1097 mittere

539 1141 809 1207 auxilia.
856 1141 1107 1220 Quodsi
1132 1138 1409 1206 Orestae
1453 1139 1680 1226 aliquo
1704 1141 1905 1206 modo
1927 1161 2081 1205 cum
2105 1141 2503 1206 Macedonia
2525 1139 2869 1225 conjuncti

537 1245 843 1332 fuissent,
933 1249 1123 1334 cujus
1204 1270 1325 1314 rex
1397 1248 1754 1314 Perdiccas
1845 1252 2113 1313 coactus
2180 1245 2314 1312 fuit
2380 1247 2557 1312 clam
2600 1247 2867 1313 mittere

539 1354 809 1438 auxilia,
879 1352 1079 1420 facile
1144 1354 1551 1442 perspicitur
1615 1353 1805 1419 nullo
1865 1354 2065 1419 modo
2127 1353 2329 1439 hujus
2397 1352 2732 1439 subjectos
2799 1359 2869 1420 et

536 1461 746 1526 socios
772 1462 830 1548 2)
896 1468 1129 1550 aperte
1190 1460 1511 1548 opitulari
1552 1460 1877 1549 potuisse,
1927 1467 1996 1525 et
2041 1460 2097 1525 si
2142 1459 2479 1545 fecissent,
2527 1460 2867 1548 Thucydi-

538 1569 713 1652 dem,
762 1569 1337 1655 accuratissimum
1368 1590 1599 1633 rerum
1646 1567 2060 1654 scriptorem,
2089 1568 2222 1633 hoc
2239 1567 2434 1632 nobis
2457 1567 2867 1632 traditurum
3313 1578 3319 1612 ⁹

534 1673 759 1740 fuisse.
831 1673 967 1740 Sed
1016 1676 1138 1740 sub
1183 1675 1505 1762 Philippo
1553 1673 1884 1759 Secundo,
1933 1696 2086 1739 cum
2130 1674 2529 1740 Macedonia
2574 1696 2868 1739 crescere

535 1782 777 1868 coepit,
824 1782 984 1868 ⁸jam
1053 1782 1282 1846 statim
1352 1781 1603 1847 Orestis
1671 1781 1744 1846 in
1792 1780 2124 1847 dicionem
2194 1780 2338 1866 ejus
2399 1782 2678 1847 redacta
2743 1786 2864 1877 est,

534 1889 695 1954 inde
757 1888 855 1953 ab'
902 1888 1029 1954 hoc
1074 1894 1398 1975 tempore,
1444 1894 1520 1952 ut
1565 1894 1805 1975 postea
1863 1888 2239 1975 apparebit,
2283 1888 2723 1955 Macedonica
2766 1889 2864 1973 fit,

533 2018 754 2083 neque
800 1996 1090 2084 amplius
1135 1995 1452 2081 gentibus
1498 1994 1861 2082 Epiroticis
1909 1996 2419 2061 adnumeranda
2466 2002 2566 2060 est
2596 1995 2668 2083 3).
2717 1995 2866 2061 Hae

534 2109 691 2170 sunt
749 2110 986 2190 gentes
1045 2102 1290 2190 quibus
1336 2103 1708 2168 secundum
1754 2101 2223 2189 Thucydidem
2267 2125 2386 2167 rex
2428 2102 2867 2169 Macedoniae

535 2233 713 2276 anno
757 2211 888 2276 429
923 2210 1432 2275 dominabatur.

621 2317 975 2385 Terminus
1046 2323 1273 2382 autem
1336 2317 1423 2382 ad
1495 2316 1738 2382 Ortum
1805 2314 1961 2381 solis
2032 2321 2134 2381 est
2204 2315 2525 2402 Strymon
2592 2316 2864 2400 flumen,

536 2425 717 2510 quod
785 2424 947 2489 inde
1017 2423 1102 2488 ab
1172 2444 1289 2488 ora
1355 2422 1699 2487 maritima
1766 2444 1980 2509 usque
2050 2423 2137 2487 ad
2207 2444 2319 2487 eas
2379 2423 2686 2508 regiones
2747 2423 2868 2488 ubi

531 2537 768 2618 postea
810 2529 1143 2595 Heraclea
1190 2529 1449 2596 Sintica
1494 2530 1768 2595 condita
1815 2537 1934 2613 est,
1983 2529 2452 2596 Macedoniam
2502 2554 2541 2595 a
2582 2531 2869 2596 Thracia

534 2638 976 2721 disterminat,
1027 2659 1179 2703 cum
1226 2636 1640 2703 Bisaltorum
1690 2636 1836 2724 agri
1885 2658 1964 2703 eo
2009 2660 2221 2724 usque
2266 2638 2771 2725 porrigerentur
2792 2637 2863 2726 4).

532 2744 704 2810 Tum
750 2745 1076 2810 terminus
1112 2744 1655 2832 septentrionalis
1684 2766 1827 2809 sese
1850 2745 2157 2809 extendit
2180 2746 2548 2812 secundum
2571 2745 2867 2811 Pontum

532 2850 829 2917 fluvium
894 2848 1336 2936 (Strumnitsa
1395 2849 1622 2937 hodie)
1650 2849 1699 2933 5)
1748 2873 1789 2915 a
1833 2851 2115 2917 meridie
2163 2852 2307 2938 ejus
2352 2852 2647 2938 regionis
2696 2873 2868 2937 quae

529 2957 834 3022 Doberus
879 2964 1163 3022 vocatur
1204 2957 1253 3037 6)
1314 2979 1529 3043 usque
1571 2959 1657 3022 ad
1705 2956 1935 3023 fauces
1986 2958 2146 3023 Axii
2191 2959 2488 3024 fluminis
2513 2960 2603 3046 ⁷):
2651 2958 2867 3024 Vanis

529 3063 735 3128 Ponti
778 3062 973 3128 fluvii
1031 3085 1155 3150 per
1216 3064 1443 3128 omnia
1504 3069 1813 3151 tempora
1876 3065 2207 3152 optimum
2255 3065 2515 3130 aditum
2561 3065 2867 3130 barbaris

531 3169 903 3236 Thracibus
950 3170 1160 3235 dabat
1203 3170 1276 3234 in
1324 3192 1517 3255 agros
1566 3171 1653 3236 ad
1700 3169 1955 3236 Axium
2000 3172 2181 3237 sitos.
2221 3171 2291 3254 ⁸).

580 3473 628 3542 1)
667 3474 839 3528 Thuc.
877 3475 925 3527 2.
964 3474 1049 3528 29.
1088 3475 1136 3526 7.
1175 3475 1453 3529 Demosth.
1493 3475 1576 3529 79.
1613 3476 1698 3529 20.
1733 3472 1931 3539 ἔφ’ἥμῒν
1966 3476 2061 3542 γὰρ
2114 3472 2167 3532 ἦν
2204 3474 2232 3532 ἥ
2273 3473 2546 3525 Μακεδονία
2583 3477 2668 3527 καὶ
2704 3479 2870 3539 <papante

528 3562 643 3625 ἡμῖν
677 3560 814 3627 ’ἔφερε
867 3564 935 3617 of.
972 3563 1089 3617 156.
1130 3563 1211 3617 18.
1251 3564 1400 3619 Abel.
1440 3564 1809 3619 Makedonien
1847 3582 1900 3635 p.
1945 3564 2064 3618 170.

586 3650 632 3722 2)
673 3653 843 3706 Thac.
884 3653 932 3705 2.
972 3652 1057 3706 99.

581 3739 631 3804 3)
667 3742 734 3795 cf.
773 3742 954 3795 Kuhn.
994 3742 1171 3797 Ueber
1207 3742 1294 3796 die
1329 3744 1678 3814 Entstehung
1716 3744 1767 3798 d.
1808 3743 2001 3798 Stadte
2039 3743 2089 3797 d.
2128 3743 2290 3797 Alten
2325 3762 2378 3813 p.
2417 3743 2537 3796 144.

580 3828 629 3893 4)
667 3830 867 3884 Strabo
921 3830 1026 3885 329
1081 3833 1143 3885 fr.
1203 3832 1298 3899 11;
1353 3831 1474 3885 331.
1530 3832 1597 3885 fr.
1653 3832 1740 3886 36.
1794 3832 1950 3886 Diod.
2004 3832 2089 3885 31.
2140 3831 2190 3885 8.
2231 3833 2278 3884 7.
2317 3834 2427 3894 πρὸς
2463 3831 2653 3894 δυσμὰς
2689 3830 2740 3881 δὲ
2775 3836 2868 3883 τοῦ

528 3922 789 3982 Στρυμόνος
844 3921 1089 3972 Βισαλτία
1142 3928 1283 3973 orno-a
1333 3922 1466 3984 μετὰ
1520 3925 1611 3982 τῆς
1647 3919 1694 3971 ἐν
1744 3925 1808 3986 τῇ
1847 3925 2041 3986 Σιντικῇ
2080 3921 2380 3984 Ἡρακλείας.
2415 3921 2529 3977 Liv.
2568 3921 2653 3975 45.
2693 3922 2777 3974 29.
2817 3921 2867 3975 6.

529 4009 712 4072 Kuhn,
750 4026 803 4079 p.
843 4010 963 4063 315.

580 4096 627 4163 5)
664 4098 938 4153 Demitsas
980 4100 1046 4152 Π.
1088 4099 1207 4153 502.
1247 4099 1377 4153 ibid.
1418 4100 1460 4152 Ι.
1499 4100 1548 4152 4.

582 4183 628 4252 6)
668 4186 840 4240 Thuc.
878 4187 925 4239 2.
966 4187 1050 4242 98.
1089 4189 1145 4256 2;
1191 4188 1466 4242 Demitsas
1507 4188 1576 4241 11.
1617 4187 1737 4242 198.

581 4274 629 4339 7)
668 4275 868 4329 Strabo
923 4277 1042 4330 331.
1096 4276 1180 4330 36.
1219 4275 1247 4332 ἦ
1304 4277 1612 4339 Παρορβηλία
1669 4273 1717 4326 ἐν
1763 4278 2015 4343 μεσογαίᾳ
2048 4274 2241 4340 ’ἔχουσα
2278 4280 2412 4328 κατὰ
2446 4280 2529 4329 τὸν
2558 4276 2750 4328 αὐλῶνα
2782 4278 2867 4326 τὸν

529 4362 625 4412 ἀπὸ
666 4362 926 4425 Εἰδομένης
963 4366 1264 4414 Καλλίπολιν
1301 4363 1610 4427 Ὀρθόπολιν,
1649 4369 2036 4417 Φιλιππούπολιν
2073 4370 2321 4428 Γαρησκόν.

572 4450 622 4516 8)
665 4451 834 4505 Thuc.
872 4453 920 4505 2.
959 4453 1044 4507 99.
1083 4454 1135 4520 1;
1175 4454 1222 4505 2.
1262 4453 1381 4507 100.
1418 4453 1480 4518 3;
1518 4453 1710 4520 Polyb.
1750 4454 1833 4508 10.
1869 4454 1954 4507 41.
1991 4455 2040 4508 4.
2077 4456 2190 4509 Liv.
2228 4456 2312 4508 26.
2351 4456 2435 4510 25.
2474 4457 2521 4508 7.
