3338 5350
1643 505 1897 598 180,

548 701 873 787 adjuncta
920 708 1054 786 est3
1103 708 1170 766 et
1217 701 1488 766 interim
1540 700 1734 767 Arati
1786 699 2147 766 auctoritas
2208 699 2308 763 ita
2365 698 2579 763 crevit
2623 703 2702 763 ut
2738 696 2884 783 jam

545 808 841 894 2451244
905 814 1181 895 praetor
1248 809 1582 873 societatis
1650 817 1914 873 creatus
1977 807 2082 872 sit.
2175 805 2344 870 Inde
2407 805 2493 870 ab
2542 804 2670 869 hoc
2713 810 2880 869 tem-

541 937 704 1002 pore
752 923 1060 981 centrum
1105 913 1239 979 fuit
1287 916 1643 997 societatiS,
1692 935 1924 980 omnes
1969 913 2147 978 vires
2192 912 2544 978 intendere
2586 911 2884 999 perrexit

544 1029 621 1087 ut
691 1045 844 1086 eam
912 1028 1188 1108 augeret
1259 1029 1327 1085 et
1400 1021 1846 1108 amplificaret
1913 1020 2352 1084 Macedoniae
2421 1024 2492 1083 et
2553 1018 2881 1102 Antigoni

546 1130 971 1194 detrimento.
1082 1126 1195 1193 Sic
1266 1149 1443 1193 anno
1510 1129 1641 1192 243
1733 1127 1930 1215 pulso
2019 1126 2355 1212 praesidio
2449 1126 2883 1191 Macedonico

546 1234 906 1300 Corinthus
952 1236 1254 1300 societati
1301 1234 1624 1319 adjuncta
1672 1242 1794 1317 est,
1840 1234 2097 1299 multae
2149 1232 2319 1297 aliae
2343 1232 2543 1296 urbes
2568 1232 2882 1319 deinceps

544 1342 746 1427 hujus
794 1342 980 1406 urbis
1027 1341 1413 1427 exemplum
1460 1347 1729 1418 secutae
1777 1348 1952 1406 sunt.
2015 1341 2256 1425 Neque
2303 1339 2437 1403 alio
2483 1339 2684 1403 modo
2729 1343 2884 1425 post

544 1449 872 1535 Antigoni
920 1454 1204 1513 mortem
1252 1451 1363 1530 (a0.
1416 1449 1570 1530 239)
1619 1449 1964 1513 Demetrio
2009 1454 2363 1532 regnante,
2425 1445 2678 1513 Aratus
2725 1467 2881 1511 con-

548 1555 697 1622 silia
766 1579 888 1621 sua
950 1556 1224 1641 exsequi
1269 1555 1586 1642 perrexit,
1637 1556 1852 1620 donec
1903 1554 2182 1619 tandem
2232 1552 2411 1618 bello
2459 1551 2883 1619 Cleomenico

546 1664 945 1729 necessitate
994 1670 1266 1727 coactus
1315 1669 1414 1727 est
1461 1662 1691 1727 omnia
1735 1662 2040 1726 deserere
2087 1681 2261 1747 quae
2309 1659 2531 1724 adhuc
2574 1658 2881 1747 perfecit,

549 1792 825 1856 seseque
922 1769 1358 1834 Macedoniae
1427 1773 1493 1833 et
1566 1769 1914 1852 Antigono
1983 1768 2266 1832 Dosonti
2337 1766 2697 1853 applicare.
2790 1766 2884 1830 Et

546 1877 675 1942 hoc
719 1877 921 1942 modo
966 1878 1354 1941 universam
1401 1877 1793 1941 societatem
1840 1895 2031 1939 suam
2083 1894 2371 1958 cumque
2418 1894 2499 1937 ea
2557 1871 2883 1957 majorem

544 1990 811 2071 partem
880 1982 1329 2069 Peloponnesi
1420 2004 1647 2046 rursus
1739 1981 2176 2045 Macedoniae
2258 1980 2561 2063 tradidit,
2651 2001 2881 2045 omnes

544 2093 850 2176 regiones
922 2090 1009 2154 ad
1079 2090 1466 2155 societatem
1540 2088 1904 2153 Achaicam
1961 2087 2377 2174 pertinentes
2461 2085 2663 2151 simul
2729 2108 2883 2151 cum

548 2196 694 2263 aliis
740 2220 781 2261 a
825 2196 1126 2261 Dosonte
1172 2197 1446 2260 nomine
1492 2197 1824 2260 sociorum
1868 2194 1998 2259 sibi
2043 2192 2374 2258 obnoxiae
2434 2190 2657 2258 factae
2704 2197 2878 2257 sunt.

545 2304 826 2368 Praeter
870 2302 1175 2367 Achaeos
1222 2323 1364 2366 sese
1413 2301 1570 2366 huic
1614 2302 1918 2366 societati
1977 2299 2496 2387 applicaverunt
2538 2300 2881 2387 Epirotae,

546 2411 943 2493 Phocenses,
983 2408 1407 2491 Macedones,
1456 2409 1697 2473 Boeoti
1745 2429 1898 2473 cum
1943 2407 2174 2472 Locris
2223 2405 2536 2494 Opuntiis
2559 2406 2632 2490 1),
2673 2408 2884 2471 Acar-

544 2542 755 2585 nanes
802 2524 872 2582 et
916 2515 1222 2581 Thessali
1245 2516 1296 2595 2)
1345 2515 1587 2601 quibus
1610 2515 1923 2601 Droysen
1969 2516 2029 2579 3.
2058 2515 2120 2579 2.
2152 2515 2273 2579 161
2325 2512 2641 2600 adjungit
2663 2514 2883 2598 Argos

548 2644 702 2689 cum
748 2624 1116 2707 Mantinea,
1173 2622 1489 2709 Tegeam,
1536 2622 1980 2709 Epidaurum,
2047 2643 2202 2688 cum
2248 2619 2770 2687 Acrocorinthus
2817 2625 2886 2685 et

550 2731 1001 2796 Orchomenos
1046 2730 1398 2819 praesidiis
1444 2730 1894 2795 Macedonicis
1941 2735 2449 2816 occuparentur.

639 2836 938 2903 Societas
986 2843 1211 2902 autem
1259 2859 1464 2923 quam
1509 2837 1808 2900 inierunt
1870 2837 2113 2901 Graeci
2159 2858 2313 2900 cum
2358 2835 2706 2920 Antigono
2754 2833 2889 2899 fuit

550 2943 907 3023 ἔγγραπτος
953 2944 1299 3023 συμμαχία
1320 2943 1408 3027 3);
1457 2945 1601 3030 ipse
1643 2965 1766 3007 rex
1812 2949 2038 3008 autem
2094 2964 2395 3007 summae
2439 2942 2538 3007 rei
2581 2940 2885 3029 praefec-

548 3057 657 3116 tus
703 3057 805 3116 est
827 3052 896 3133 4).
947 3048 1358 3136 Synedrium
1404 3047 1714 3114 Corinthi
1758 3049 2137 3114 habebatur
2159 3048 2232 3133 5),
2280 3055 2512 3114 tamen
2557 3048 2885 3134 Polybius

550 3159 610 3222 5.
637 3157 743 3222 28.
769 3158 812 3222 3
836 3163 1317 3222 commemorat
1356 3157 1747 3242 synedrium
1772 3156 2017 3220 Patrae
2033 3156 2370 3239 habitum,
2399 3177 2553 3220 cum
2576 3155 2638 3219 5.
2670 3156 2817 3221 103.
2843 3156 2887 3219 4

550 3285 766 3329 sermo
812 3265 901 3328 sit
948 3265 1031 3328 de
1078 3264 1392 3349 synedrio
1440 3263 1820 3349 legatorum
1869 3265 2198 3329 sociorum
2243 3262 2601 3351 Naupacti.

635 3372 840 3436 Nisus
889 3377 1116 3435 autem
1154 3370 1301 3436 loco
1325 3369 1706 3456 Polybiano
1753 3372 1814 3435 4.
1843 3371 1948 3434 22.
1976 3372 2018 3435 2
2065 3392 2203 3435 non
2227 3370 2629 3435 crediderim
2650 3391 2887 3457 perpe-

549 3486 744 3542 tuum
791 3476 999 3541 fuisse
1044 3476 1437 3562 synedrium
1460 3480 1533 3562 6),
1595 3498 1717 3540 rex
1780 3477 1961 3541 enim
2006 3482 2335 3542 convocat
2383 3477 2774 3561 synedrium
2819 3482 2889 3540 et

550 3583 834 3651 concilio
903 3589 1170 3670 praeest
1195 3584 1264 3666 7).
1380 3582 1780 3649 Deliberant
1851 3583 2126 3668 synedri
2184 3583 2268 3647 de
2357 3582 2537 3649 bello
2562 3582 2614 3668 8)
2705 3584 2888 3667 quod

600 3745 651 3812 1)
687 3746 850 3800 Niese
887 3745 936 3798 2.
973 3744 1094 3798 335.

600 3835 651 3900 2>
687 3833 879 3904 Polyb.
917 3834 966 3886 4.
1007 3834 1056 3887 9.
1093 3834 1144 3886 4.

602 3922 652 3989 3)
689 3923 880 3992 Polyb.
918 3923 967 3974 4.
1009 3921 1097 3976 82.
1137 3924 1187 3975 ὃ.

602 4010 648 4077 4)
688 4011 879 4081 Polyb,
918 4012 967 4065 2,
1005 4010 1089 4063 54.
1128 4011 1162 4062 4
1227 4009 1570 4065 κατασταθεὶς
1618 4009 1815 4073 ἡγεμὼν
1871 4009 2102 4058 ἁπάντων
2138 4014 2231 4057 τῶν
2268 4009 2551 4072 συμμάχων
2588 4010 2654 4063 cf.
2693 4010 2884 4079 Polyb.

550 4099 601 4151 4.
640 4100 690 4153 9.
727 4101 788 4164 3;
822 4100 872 4152 4.
911 4100 994 4153 13.
1029 4100 1078 4152 6.

603 4186 651 4255 5)
688 4188 878 4259 Polyb.
917 4188 989 4242 l.l.

603 4276 653 4343 6)
688 4278 758 4332 cf.
796 4278 923 4331 ibid.

604 4367 653 4431 7)
689 4367 825 4421 Ibid.

604 4455 651 4527 8)
688 4455 880 4527 Polyb.
917 4456 966 4507 4.
1006 4454 1090 4511 25.
1130 4455 1178 4507 1.
