3338 5350
1532 546 1656 609 101

427 747 627 811 drum
696 751 925 810 autem
993 744 1171 809 hanc
1236 764 1381 808 rem
1447 763 1586 808 non
1654 747 1968 825 mutasse,
2064 741 2245 828 quod
2314 763 2355 806 a
2425 740 2758 809 Strabone

426 853 710 919 diversis
756 851 920 918 locis
969 850 1405 916 confirmatur
1426 851 1496 932 ¹).

510 960 749 1047 Neque
819 959 1036 1045 magis
1104 957 1216 1022 hic
1283 956 1609 1022 terminus
1680 956 1803 1021 sub
1870 954 2218 1021 diadochis
2287 962 2589 1022 mutatus
2637 964 2754 1023 est.

423 1067 671 1132 Nestus
716 1065 970 1130 flumen
1016 1067 1085 1129 et
1126 1064 1201 1128 in
1244 1063 1633 1150 regionibus
1657 1062 2132 1150 superioribuS,
2182 1062 2251 1128 et
2273 1063 2349 1128 in
2369 1064 2759 1150 regionibus

423 1196 609 1239 mare
677 1192 909 1238 versus
977 1172 1304 1237 terminus
1374 1171 1521 1257 agri
1587 1169 2011 1236 Macedonici
2075 1171 2345 1254 mansit,
2407 1172 2763 1259 provincia

422 1282 633 1368 igitur
678 1279 1028 1368 Antipatri
1073 1279 1282 1344 etiam
1329 1276 1866 1365 amplectebatur
1909 1277 2380 1344 Macedoniam
2425 1279 2762 1365 adjectam

426 1410 630 1476 quam
676 1388 930 1453 dicunt.

511 1495 735 1562 Variis
803 1494 966 1560 locis
1034 1499 1100 1559 et
1165 1492 1366 1558 factis
1425 1493 1594 1558 haec
1637 1514 1744 1558 res
1790 1492 2245 1559 confirmatur.
2337 1492 2566 1559 Primo
2602 1482 2759 1559 'loco

423 1603 796 1669 Pausanias
840 1602 1044 1686 hujus
1088 1602 1187 1666 rei
1232 1600 1427 1666 nobis
1473 1601 1665 1666 testis
1715 1607 1834 1666 est.
1881 1600 2015 1665 Hic
2059 1602 2242 1666 enim
2290 1603 2346 1666 1.
2374 1602 2435 1668 9.
2461 1602 2503 1665 5
2550 1601 2761 1665 tradit

424 1709 910 1795 Lysimachum
954 1729 1185 1794 regem
1231 1707 1439 1773 fuisse
1486 1707 1794 1793 gentium
1832 1707 2272 1774 Macedoniae
2294 1706 2757 1791 finitimarum,

426 1816 670 1904 quibus
761 1815 1119 1903 Philippus
1210 1822 1279 1880 et
1369 1813 1761 1880 Alexander
1851 1836 2118 1902 quoque
2209 1815 2754 1902 imperaverunt;

428 1922 722 1989 secundo
768 1921 914 1988 loco
962 1927 1190 1987 autem
1240 1924 1298 1988 1.
1343 1922 1444 1986 10.
1494 1920 1536 1985 2
1582 1927 1818 1986 narrat
1862 1920 2346 2008 Lysimachum
2389 1926 2545 2008 post
2588 1943 2759 2008 pug-

422 2053 587 2096 nam
655 2030 839 2117 apud
905 2027 1354 2117 Amphipolin
1422 2029 1586 2093 anni
1649 2027 1802 2112 288,
1896 2051 2050 2093 cum
2116 2028 2518 2094 Macedonia
2584 2030 2761 2094 inter

422 2138 617 2203 illum
689 2144 757 2202 et
823 2137 1162 2223 Pyrrhum
1230 2136 1585 2223 Epirotam
1654 2136 1876 2202 divisa
1922 2143 2042 2219 est,
2107 2136 2457 2203 dominum
2500 2136 2760 2201 factum

425 2269 570 2312 esse
615 2249 732 2309 τῶν
782 2245 1046 2308 Νεστίων
1091 2243 1258 2331 (καὶ)
1305 2242 1688 2317 Μακεδόνων,
1737 2244 1881 2308 sine
1927 2243 2133 2309 dubio
2175 2249 2486 2331 spectans
2520 2244 2607 2308 ad
2646 2265 2759 2308 eas

424 2359 665 2441 gentes
738 2374 913 2438 quae
977 2352 1156 2417 inter
1226 2350 1659 2436 Strymonem
1731 2357 1798 2416 et
1863 2351 2150 2415 Nestum
2217 2350 2503 2416 flumina
2570 2351 2760 2416 sedes

425 2461 725 2527 habuere
747 2454 821 2547 2).
870 2458 999 2525 1110
1043 2459 1191 2546 ipso
1237 2480 1416 2525 anno
1462 2457 1595 2523 288
1638 2458 1849 2544 igitur
1871 2455 2195 2544 Strymon
2216 2458 2544 2523 terminus
2569 2458 2761 2543 regni

428 2568 823 2656 Lysimachi
869 2566 1090 2632 factus
1138 2573 1257 2633 est.

512 2675 665 2742 Duo
713 2675 830 2741 alii
874 2674 1006 2741 loci
1051 2673 1454 2741 confirmant
1499 2673 1709 2740 etiam
1753 2673 1826 2738 in
1869 2672 2261 2758 regionibus
2307 2671 2762 2760 superioribus

424 2786 714 2850 Nestum
802 2782 1058 2848 flumen
1162 2781 1580 2869 temporibus
1684 2781 2170 2848 diadochorum
2260 2780 2763 2846 disterminasse

427 2891 899 2957 Macedoniam
943 2895 1014 2954 et
1059 2889 1435 2955 Thraciam.
1528 2888 1733 2954 Anno
1781 2889 1963 2954 enim
2007 2889 2139 2953 310
2184 2910 2340 2953 cum
2386 2887 2765 2954 Cassander

428 2997 800 3085 opitulatus
869 3003 972 3062 est
1040 2995 1423 3061 Paeonibus
1514 3002 1751 3062 contra
1837 2994 2253 3080 AutariataS,
2322 2994 2762 3061 Macedoniae

424 3107 757 3195 princeps,
804 3103 1111 3169 barbaris
1156 3102 1289 3169 illis
1358 3103 1444 3169 ab
1498 3125 1577 3169 eo
1623 3102 2021 3191 profligatis,
2072 3101 2394 3168 Orbelum
2440 3108 2762 3186 montem,

426 3215 632 3278 situm
675 3212 853 3276 inter
898 3211 1190 3276 Nestum
1235 3217 1303 3274 et
1349 3210 1786 3296 Strymonem
1808 3210 2110 3294 flumina,
2158 3208 2473 3274 ultimam
2493 3215 2765 3296 partem

425 3318 882 3402 Macedoniae,
931 3317 1160 3396 sedem
1205 3317 1538 3383 indicavit
1552 3316 1621 3399 3).
1671 3317 1809 3382 Vix
1851 3338 2020 3404 opus
2068 3325 2170 3382 est
2210 3317 2449 3399 dicere,
2476 3314 2761 3381 Cassan-

426 3427 624 3508 drum
669 3425 857 3493 nullo
903 3428 1104 3493 modo
1150 3426 1273 3491 has
1319 3426 1629 3513 regiones
1675 3424 1981 3491 barbaris
2027 3423 2161 3490 illis
2195 3425 2423 3490 sedem
2461 3424 2765 3490 indicare

422 3532 740 3618 potuisse,
788 3535 863 3599 ni
907 3534 965 3599 is
1014 3555 1177 3619 ager
1222 3531 1699 3598 Macedonicus
1745 3532 2008 3599 fuisset.

515 3638 709 3719 Quod
755 3646 983 3706 autem
1028 3640 1277 3705 Nestus
1352 3639 1606 3705 flumen
1649 3662 1775 3727 per
1816 3639 2096 3726 longam
2141 3639 2382 3704 seriem
2428 3659 2763 3704 annorum

428 3744 928 3812 disterminavit
971 3746 1443 3813 Macedoniam
1490 3753 1557 3812 et
1604 3745 1984 3830 Thraciam,
2032 3746 2408 3813 necessario
2461 3746 2764 3832 sequitur

430 3876 513 3919 ex
583 3854 905 3920 diuturna
972 3860 1043 3919 et
1107 3853 1492 3919 firmissima
1562 3854 1860 3919 amicitia
1935 3876 2070 3940 qua
2136 3853 2237 3918 uti
2304 3876 2444 3919 non
2505 3853 2765 3919 desiere

478 4139 527 4205 1)
566 4140 765 4195 Strabo
812 4140 932 4194 323.
994 4140 1195 4195 Strabo
1244 4139 1347 4193 331
1400 4142 1463 4194 fr.
1514 4141 1601 4194 33.
1653 4138 1766 4191 εῒτοι
1814 4143 1874 4191 τὸ
1910 4139 2107 4190 Νέστου
2142 4143 2311 4202 στόμα
2347 4146 2439 4191 τοῦ
2474 4138 2763 4205 διορίζοντος

425 4227 722 4279 Μακεδονίαν
774 4229 861 4279 καὶ
913 4227 1104 4296 Θρᾴκην
1152 4227 1214 4285 ὣς
1262 4228 1502 4291 φίλιππος
1537 4230 1623 4281 καὶ
1664 4227 1981 4292 Ἀλέξανδρος
2028 4231 2055 4279 δ
2104 4227 2284 4280 τούτου
2311 4234 2430 4289 παῖς
2466 4228 2678 4294 διώριζον
2713 4230 2761 4281 ἐν

424 4320 530 4376 τοῖς
564 4326 682 4369 κατ’
718 4317 900 4376 αὐτοὺς
935 4320 1124 4382 χρόνοις
1160 4319 1226 4372 cf.
1266 4318 1434 4373 etiam
1470 4319 1538 4373 fr.
1575 4319 1661 4374 35.

478 4408 528 4474 2)
565 4408 631 4461 cf.
671 4407 865 4479 Droys.
905 4409 956 4462 2.
1004 4409 1052 4461 2.
1088 4408 1208 4462 298.

479 4495 526 4565 3)
563 4496 720 4550 Diod.
759 4497 842 4550 20.
884 4497 965 4550 19.
1008 4497 1034 4550 1
1056 4516 1069 4566 ;
1107 4497 1290 4552 Justin
1327 4497 1411 4550 15.
1450 4498 1501 4550 2.
1540 4497 1589 4550 2.
