3338 5350
1640 519 1725 583 19

511 721 730 803 cepta,
777 720 856 779 ut
890 714 1196 780 homines
1246 715 1362 799 qui
1409 721 1610 780 antea
1655 713 1989 779 Corinthii
2011 713 2318 798 fuissent,
2346 715 2593 780 abhinc
2630 722 2854 781 essent

509 821 772 908 Argivi,
838 828 906 886 et
970 822 1385 887 territorium
1435 821 1618 907 quod
1665 827 1867 886 antea
1913 819 2137 886 fuerat
2204 821 2727 906 Corinthiacum,
2774 823 2849 888 fi-

511 935 653 994 eret
697 930 1033 1015 Argivum
1055 929 1127 1009 1).
1174 930 1278 995 Eo
1325 930 1643 994 accedere
1685 935 1930 1016 potest,
1981 935 2055 993 ut
2099 929 2281 995 bona
2325 929 2580 994 civium
2624 952 2665 995 a
2709 931 2848 995 vic-

508 1044 654 1101 tore
700 1035 1164 1124 publicentur3
1232 1058 1338 1100 res
1378 1057 1456 1101 eo
1500 1036 1822 1123 progredi
1867 1041 2113 1123 potest,
2158 1041 2238 1099 ut
2283 1058 2514 1101 omnes
2553 1036 2735 1102 cives
2778 1037 2852 1100 in

510 1141 786 1207 exilium
834 1147 1182 1228 cogantur,
1233 1141 1343 1207 vel
1389 1142 1463 1205 in
1509 1141 1907 1206 servitutem
1951 1149 2268 1225 veneant,
2328 1142 2523 1207 brevi
2567 1148 2645 1207 ut
2688 1143 2852 1207 urbs

510 1256 818 1315 vastetur
865 1273 905 1315 a
949 1250 1227 1315 victore.
1296 1250 1406 1314 Ita
1445 1247 1705 1313 factum
1751 1255 1854 1312 est
1899 1271 1940 1313 a
1983 1248 2469 1315 Macedonibus
2539 1250 2639 1331 de,
2682 1270 2851 1314 non-

509 1357 716 1422 nullis
762 1356 1030 1445 oppidis
1076 1356 1320 1422 vicinis
1368 1377 1542 1441 quae
1586 1361 1926 1443 ceperant.

599 1463 788 1528 Haec
827 1463 997 1528 cond
1005 1463 1126 1527 itio
1171 1463 1431 1550 proprii
1478 1462 1800 1527 territorii
1825 1469 1895 1527 et
1915 1463 2176 1551 proprii
2193 1461 2365 1547 juris
2390 1462 2688 1528 civitatis
2712 1466 2851 1531 non

511 1592 827 1636 concessa
873 1576 973 1635 est
1016 1569 1381 1635 Methonae
1430 1591 1608 1635 anno
1654 1570 1806 1653 353,
1874 1569 2175 1655 Olyntho
2224 1590 2402 1634 anno
2453 1570 2604 1653 348,
2673 1568 2852 1635 Pho-

509 1677 821 1742 censibus
868 1699 1046 1742 anno
1093 1677 1244 1761 346,
1293 1675 1634 1741 Thebanis
1683 1698 1863 1741 anno
1911 1678 2077 1757 3363
2124 1676 2284 1741 illae
2329 1676 2531 1741 urbes
2575 1676 2855 1766 insuper

509 1791 819 1850 vastatae
865 1791 1038 1849 sunt.
1087 1784 1236 1849 Hoc
1282 1783 1494 1869 igitur
1540 1792 1640 1848 est
1688 1784 2167 1868 gravissimum
2213 1783 2622 1872 supplicium
2666 1785 2853 1870 quod

508 1891 711 1955 victis
756 1889 977 1976 infligi
1021 1890 1254 1978 possit.
1306 1889 1443 1955 Sed
1488 1889 1637 1955 fieri
1684 1890 1895 1955 etiam
1947 1897 2173 1978 potest
2218 1897 2296 1955 ut
2333 1893 2446 1975 jus
2495 1891 2853 1976 antiquum

510 1999 810 2064 civitatis
855 2021 995 2063 non
1041 2019 1315 2086 prorsus
1383 1996 1684 2081 tollatur,
1757 1999 1876 2062 sed
1936 1999 2393 2085 conjungatur
2437 2020 2591 2063 cum
2638 1998 2851 2064 altero

502 2106 659 2191 jure
705 2105 1050 2193 amplioris
1096 2105 1416 2188 civitatiS,
1466 2112 1543 2170 ut
1590 2126 1840 2171 nomen
1888 2105 2233 2193 amplioris
2280 2105 2577 2171 civitatis
2632 2111 2851 2171 trans-

509 2220 624 2277 eat
658 2272 664 2278 .
695 2213 971 2299 quidem
1037 2214 1112 2278 in
1156 2214 1279 2278 hos
1349 2214 1554 2297 civeS,
1624 2213 1746 2278 sed
1806 2219 2038 2278 tamen
2088 2213 2295 2277 etiam
2339 2215 2448 2296 jus
2496 2213 2850 2299 antiquum

510 2325 819 2385 servetur
867 2327 936 2385 et
1001 2341 1250 2385 nomen
1318 2342 1516 2386 suum
1577 2320 1889 2403 retineat,
1955 2319 2250 2407 exempli
2295 2320 2518 2405 gratia
2565 2327 2644 2385 ut
2688 2321 2850 2388 Am-

507 2427 922 2515 phipolitani
990 2427 1162 2493 fiant
1224 2428 1503 2514 quidem
1570 2428 1997 2510 MacedoneS,
2060 2426 2174 2511 jus
2222 2427 2519 2492 civitatis
2564 2427 2851 2515 Amphi-

506 2534 855 2622 politanae
910 2533 1363 2621 conjungatur
1409 2534 1687 2620 quidem
1734 2556 1889 2599 cum
1926 2533 2082 2619 jure
2125 2534 2423 2598 civitatis
2466 2533 2851 2599 Macedoni-

509 2663 651 2726 cae,
699 2642 818 2707 sed
861 2647 1090 2707 tamen
1140 2641 1381 2708 civitas
1429 2640 1998 2730 Amphipolitana
2067 2647 2134 2706 et
2178 2662 2426 2707 nomen
2471 2640 2849 2729 Amphipo-

508 2749 879 2815 litanorum
938 2756 1231 2815 maneat.
1339 2750 1515 2815 Tum
1566 2748 1681 2835 jus
1741 2751 2091 2838 proprium
2119 2772 2128 2780 ·
2152 2749 2469 2832 civitatis,
2542 2750 2852 2834 quamvis

510 2855 598 2921 ab
646 2856 764 2922 illo
811 2855 1059 2921 abhinc
1096 2856 1394 2943 pendeat
1418 2859 1599 2939 (nam
1626 2856 2188 2944 Amphipolitano
2213 2877 2357 2921 esse
2385 2878 2524 2921 non
2549 2854 2708 2921 licet
2722 2858 2853 2922 nisi

510 2965 630 3049 qui
654 2963 851 3028 simul
896 2964 1178 3029 Macedo
1226 2965 1354 3047 sit),
1379 2970 1610 3028 tamen
1633 2985 1757 3051 per
1794 2986 1865 3027 se
1890 2984 2064 3049 quoq
2077 2985 2160 3027 ue
2183 2968 2354 3046 stat;
2401 2962 2597 3028 nobis
2623 2971 2852 3028 autem

507 3070 640 3134 hoc
699 3069 812 3155 jus
881 3070 1178 3135 civitatis
1224 3069 1526 3154 inferius,
1575 3076 1646 3135 et
1689 3069 1775 3134 ab
1822 3069 2033 3135 altero
2079 3069 2383 3157 pendens
2421 3071 2540 3153 jus
2586 3072 2856 3134 civitatis

509 3179 889 3263 'nunicipale
950 3177 1173 3242 dicere
1217 3177 1438 3242 liceat.
1510 3176 1782 3242 Mitiora
1845 3198 2009 3242 vero
2055 3177 2254 3241 victis
2298 3174 2752 3261 injunguntur
2798 3176 2853 3241 si

508 3307 767 3350 novum
819 3284 932 3370 jus
994 3284 1291 3350 civitatis
1336 3283 1419 3349 iis
1462 3304 1602 3349 non
1647 3284 2043 3371 imponitur,
2090 3282 2305 3348 lenior
2349 3283 2517 3348 haec
2561 3290 2663 3348 est
2714 3284 2853 3348 vic-

508 3398 735 3458 torum
802 3391 1120 3474 conditiO,
1170 3391 1435 3456 etiamsi
1481 3390 1620 3455 arci
1663 3390 1851 3455 urbis
1898 3396 2138 3477 captae
2182 3389 2599 3477 praesidium
2643 3390 2855 3477 impo-

509 3500 716 3583 nitur,
777 3500 833 3563 si
893 3498 1153 3563 tributa
1214 3521 1254 3562 a
1320 3497 1583 3563 civibus
1653 3498 2035 3583 exiguntur.
2107 3498 2288 3563 Nam
2360 3496 2624 3563 etiamsi
2687 3498 2856 3562 haec

508 3606 706 3689 fiunt,
782 3611 1014 3669 tamen
1080 3604 1228 3669 fieri
1285 3607 1513 3693 potest
1570 3611 1649 3669 ut
1713 3604 2132 3671 conditiones
2194 3612 2436 3690 quarta
2500 3610 2568 3668 et
2614 3603 2856 3690 quinta

507 3715 817 3799 integrae
863 3714 1017 3797 sint,
1068 3719 1145 3777 ut
1189 3712 1466 3778 libertas
1511 3712 1812 3779 civitatis
1855 3713 1930 3778 in
1972 3713 2173 3777 rebus
2210 3712 2505 3777 externis
2542 3719 2612 3776 et
2647 3712 2854 3776 inter-

507 3821 615 3885 nis
687 3820 1240 3885 administrandis
1287 3820 1621 3885 inviolata
1667 3820 1773 3885 sit.
1821 3820 2158 3884 Libertas·
2201 3819 2274 3883 in
2320 3817 2521 3883 rebus
2568 3818 2851 3904 agendis

511 3927 867 4011 amittitur,
945 3928 1002 3993 si
1070 3928 1311 3993 civitas
1379 3927 1459 3992 fit
1522 3927 1991 4015 municipium,
2052 3925 2165 4011 jus
2233 3926 2531 3992 civitatis
2601 3925 2683 3990 fit
2742 3924 2855 4011 jus

559 4122 611 4184 1)
648 4124 896 4193 Xenoph.
955 4125 1093 4179 Hell.
1154 4125 1203 4178 4.
1261 4125 1310 4177 4.
1363 4124 1413 4177 6.
1467 4124 1809 4186 αἰσθανόμενοι
1847 4118 2208 4187 ἀφανιζομένην
2244 4123 2331 4182 τὴν
2368 4126 2510 4176 πόλιν
2553 4123 2637 4173 διὰ
2672 4126 2731 4173 τὸ
2771 4120 2858 4170 καὶ

508 4212 639 4276 ὅρους
693 4211 1013 4262 ἀνασπᾶσθαι
1047 4212 1133 4262 καὶ
1165 4211 1352 4276 ’Ἄργος
1391 4212 1526 4262 ἀντὶ·
1546 4214 1775 4276 Κορίνθου
1810 4214 1897 4271 τῆν
1934 4211 2152 4275 πατρίδα
2190 4214 2368 4269 αὐτοῖς
2404 4208 2733 4274 ὀνομάζεσθαι
2772 4210 2858 4263 καὶ

503 4301 764 4357 πολιτείας
831 4296 1223 4364 ἀναγκαζόμενοι
1262 4302 1352 4358 τῆς
1386 4299 1433 4351 ἒν
1467 4301 1643 4365 ’Ἄργει
1680 4302 1871 4365 μετέχε
1872 4322 2019 4356 .....
2058 4301 2368 4364 πειρωμένους
2402 4299 2455 4350 δὲ
2504 4303 2592 4361 τὴν
2628 4298 2859 4363 πατρίδα,

507 4392 668 4454 ὥσπερ
704 4389 756 4448 ἧν
794 4391 879 4442 καὶ
912 4388 965 4452 ἐξ
1000 4391 1174 4454 ἀρχῆς,
1212 4381 1430 4454 Κρρινθον
1467 4396 1667 4449 ποιῆσαι
1707 4392 1793 4442 καὶ
1826 4390 2081 4453 ἐλευθέραν
2118 4388 2369 4452 ἀποδεῖξαι
2407 4392 2563 4445 Diod.
2588 4391 2674 4445 14.
2693 4391 2780 4443 92.
2803 4391 2853 4443 1.

510 4481 728 4543 Ἀργεῖοι
770 4520 781 4532 .
806 4518 816 4529 .
842 4521 854 4533 .
892 4482 979 4538 τῆν
1015 4484 1153 4530 πόλιν
1192 4478 1656 4543 ἓξιδιοποιησᾶμενοι
1695 4482 1781 4540 τὴν
1822 4482 2072 4544 Κορινθίων
2107 4480 2271 4543 χώραν
2310 4480 2539 4543 Ἀργείαν
2576 4477 2819 4537 ἐποίησαν.
