3338 5350
1523 549 1608 615 77

388 745 754 833 Babylone
794 752 858 812 et
906 747 1317 833 reliquorum
1366 752 1699 832 quotquot
1755 744 1905 812 aliis
1969 746 2132 813 locis
2196 754 2467 835 praesto
2515 754 2737 814 essent

388 855 798 940 cognoverit
819 854 890 935 1).

482 960 679 1026 Alter
724 960 909 1026 locus
954 961 1011 1025 is
1060 968 1178 1045 est,
1227 982 1363 1047 quo
1407 967 1742 1044 narratur,
1788 961 2127 1047 quomodo
2168 962 2576 1048 Antigonae,
2619 964 2738 1048 qui
2828 982 2837 989 ·

388 1068 522 1132 sibi
570 1089 903 1133 summam
947 1068 1210 1155 imperii
1252 1068 1600 1153 arrogavit
1643 1074 1813 1154 post.
1846 1062 2198 1155 Antipatri
2224 1075 2531 1152 mortem,
2560 1090 2739 1134 anno

390 1176 531 1239 316
575 1181 730 1261 post
774 1175 1011 1239 Asiam
1063 1174 1496 1262 Superiorem
1555 1174 1933 1259 subjectam
1980 1196 2123 1239 sese
2172 1197 2335 1262 erga
2381 1173 2739 1241 Seleucum

389 1280 773 1367 Babylonis
811 1286 1129 1369 satrapen
1176 1279 1478 1367 gesserit.
1541 1277 1715 1344 Cum
1755 1280 1841 1346 ab
1891 1303 1968 1347 eo
2011 1281 2303 1367 benigne
2348 1290 2417 1348 et
2462 1284 2740 1348 comiter

389 1388 472 1451 in
518 1388 816 1474 satrapia
883 1386 1027 1473 ejus
1098 1394 1418 1475 exceptus
1484 1394 1679 1470 esset,
1742 1408 1884 1452 sese
1947 1388 2270 1452 adversus
2316 1409 2471 1452 eum
2508 1387 2737 1474 gessit,

388 1502 751 1580 tamquam
810 1501 1204 1582 procurator
1269 1494 1534 1582 imperii
1592 1514 1757 1579 erga
1823 1500 2163 1582 satrapen,
2230 1494 2741 1582 postulavitque

388 1609 477 1666 ut
545 1602 840 1666 rationes
899 1602 1199 1669 thesauri
1243 1601 1635 1689 provinciae
1698 1622 1879 1681 suae,-
1941 1602 2013 1665 in
2069 1602 2248 1667 diem
2300 1603 2737 1673 constitutam

391 1709 530 1773 sibi
577 1709 893 1773 traderet.
958 1708 1277 1777 Seleucus
1318 1715 1547 1773 autem
1590 1707 2019 1792 Antigonum
2062 1714 2333 1773 tantum
2377 1730 2738 1795 agnoscere

389 1819 471 1880 in
520 1816 744 1880 animo
792 1815 1033 1882 habuit
1076 1816 1438 1902 tamquam
1475 1817 1767 1879 amicum
1812 1822 2181 1902 potentem,
2241 1816 2357 1880 sed
2398 1815 2554 1901 jure
2608 1816 2737 1881 sibi

392 1921 773 2008 aequalem,
843 1944 979 1987 non
1042 1931 1117 1986 ut
1163 1923 1513 1988 dominum
1559 1927 1628 1986 et
1673 1922 2119 2010 superiorem3
2193 1945 2392 2008 quam
2463 1923 2548 1988 ob
2595 1945 2739 1988 rem

388 2029 681 2113 negavit
727 2029 1083 2113 quominus
1123 2030 1181 2093 ei
1225 2027 1573 2094 oboediret
1618 2027 2040 2115 salutemque
2084 2029 2253 2116 fuga
2288 2030 2487 2116 petiit
2508 2031 2580 2117 ²).

486 2134 597 2199 Ex
637 2135 743 2201 his
785 2135 948 2200 locis
997 2135 1273 2221 quidem
1296 2135 1460 2201 satis
1484 2143 1772 2223 apparet
1793 2137 2250 2222 cognitionem
2271 2137 2738 2203 thesaurorum

388 2247 586 2306 recta
630 2241 715 2306 ab
774 2242 920 2329 ipso
960 2263 1122 2326 rege
1167 2241 1311 2307 sive
1356 2241 1630 2307 nomine
1677 2240 1819 2327 ejus
1866 2241 2123 2308 factam
2169 2266 2329 2309 esse.
2408 2243 2737 2323 Quando-

391 2349 676 2436 quidem
735 2348 1069 2413 thesauris
1129 2348 1650 2414 continebantur
1719 2349 1977 2414 reditus
2043 2372 2165 2438 pro
2174 2350 2579 2433 vinciarum;
2624 2349 2737 2435 jus

387 2454 806 2521 tributorum
846 2461 917 2521 et
955 2455 1300 2521 redituum
1335 2455 1793 2543 praediorum,
1851 2457 2032 2542 quod
2079 2457 2167 2522 ad
2206 2479 2398 2544 reges
2443 2458 2736 2546 pertine-

390 2562 538 2645 bat,
613 2563 793 2649 quod
863 2564 1041 2627 inter
1106 2564 1474 2650 praecipua
1533 2561 1693 2647 jura
1760 2563 2030 2651 imperii
2087 2563 2487 2647 habebatur,
2535 2564 2739 2629 etiam

393 2668 770 2755 significari
836 2674 1061 2758 potest
1125 2674 1204 2735 ut
1261 2668 1374 2756 jus
1441 2669 1707 2756 regium
1773 2669 2262 2737 thesaurorum.
2357 2669 2546 2750 Quod
2624 2669 2738 2757 jus

390 2777 538 2841 fido
581 2776 1012 2842 nonullorum
1058 2778 1413 2842 custodum
1458 2784 1611 2864 post
1658 2775 2035 2843 Alexandri
2071 2784 2356 2844 mortem
2391 2800 2517 2866 per
2558 2778 2741 2843 bella

394 2883 635 2950 civilia
685 2906 935 2970 magna
1001 2885 1075 2949 in
1116 2890 1314 2971 parte
1365 2884 1632 2972 imperii
1709 2886 1872 2950 satis
1920 2885 2038 2951 diu
2084 2908 2229 2952 sese
2283 2885 2621 2968 sustinuit,
2671 2893 2740 2951 et

390 2991 751 3058 vinculum
819 2990 955 3056 fuit
1018 2990 1199 3056 haud
1273 2992 1779 3078 negligendum,
1843 2993 2024 3078 quod
2066 2994 2318 3077 Asiam,
2357 2992 2469 3059 vel
2513 2993 2738 3081 potius

396 3098 660 3184 aliquot
725 3105 951 3185 partes
1036 3083 1242 3163 Asiae
1311 3098 1801 3187 aliquantisper
1882 3120 2038 3165 cum
2097 3099 2497 3165 Macedonia
2583 3120 2739 3164 con-

384 3205 714 3291 junxerit.

488 3310 793 3397 Regibus
837 3312 1241 3399 permissum
1287 3319 1452 3395 erat,
1500 3320 1579 3377 ut
1608 3311 1929 3398 juberent
1974 3314 2104 3379 sibi
2145 3319 2213 3379 et
2250 3313 2571 3378 ministris
2602 3313 2737 3378 suis

394 3441 434 3484 e
480 3419 809 3484 thesauris
861 3424 1131 3484 tantum
1172 3418 1450 3501 exsolvi,
1509 3425 1844 3504 quantum
1888 3420 2051 3507 ipsis
2095 3419 2446 3507 placuerit,
2486 3419 2597 3483 cui
2640 3420 2740 3484 rei

395 3547 570 3613 opus
632 3526 990 3591 dumtaxat
1056 3524 1191 3590 fuit
1251 3525 1446 3611 jussu
1515 3526 1742 3592 verbis
1825 3527 2007 3611 dato,
2092 3527 2236 3592 sive
2305 3524 2589 3614 epistola
2650 3525 2734 3590 ad

397 3634 732 3715 custodeS,
779 3632 1152 3718 eodemque
1196 3638 1501 3720 tempore
1547 3633 1875 3698 mandato
1913 3655 2037 3721 per
2084 3633 2440 3721 epistolam
2478 3634 2562 3699 ad
2585 3655 2737 3700 eam

452 3874 503 3941 1)
540 3876 659 3928 Arr.
709 3875 841 3929 Exc.
895 3875 1034 3940 §32t
1085 3875 1365 3936 παραυτίκα
1413 3875 1502 3938 μὲν
1557 3872 1705 3936 μηδὲν
1758 3870 1893 3938 ’ἔχειν
1931 3870 2134 3937 φράζειν
2171 3874 2379 3937 ἀκριβές,
2414 3870 2646 3935 ἐξετάσαι
2685 3873 2736 3926 32

399 3962 521 4022 τούς
557 3981 613 4013 τε
649 3964 929 4026 βασιλείους
964 3965 1231 4025 θησαυροὺς
1268 3963 1353 4014 καὶ
1388 3964 1501 4020 τοὺς
1536 3963 1636 4013 ὅσοι
1674 3962 1936 4028 ἀλλαχόθι
1974 3982 2064 4014 που
2101 3965 2302 4026 κείμενοι
2339 3962 2444 4024 ὖσι,
2461 3969 2736 4023 τηνικαῦτα

397 4055 487 4103 τόν
525 4051 726 4102 δυνατὸν
762 4054 933 4114 τρόπον
970 4072 1014 4102 κ.
1052 4071 1102 4102 τ.
1142 4063 1189 4100 λ.
1214 4089 1227 4101 .
1250 4089 1262 4101 .
1286 4089 1299 4101 .
1321 4054 1388 4108 cf.
1435 4070 1605 4122 supra
1641 4071 1695 4122 p.
1736 4054 1803 4105 72
1840 4071 1966 4108 ann.
2004 4056 2053 4109 3.
2604 4081 2610 4089 ·

452 4143 501 4208 2)
539 4141 693 4196 Diod.
754 4141 836 4195 19.
895 4141 979 4195 55.
1036 4142 1085 4196 3.
1144 4145 1234 4192 τοῦ
1291 4140 1605 4209 δἈντιγόνου
1661 4145 1843 4206 λόγους
1878 4143 2204 4201 ἀπαιτοῦντος
2238 4149 2334 4193 τᾶν
2370 4143 2622 4205 προσόδων,
2652 4144 2738 4195 οὐκ

394 4230 576 4295 ’ἔφησεν
614 4232 670 4297 (ὁ
704 4228 961 4300 Σέλευκος)
998 4231 1208 4293 ὀφείλειν
1245 4230 1359 4295 ὑπὲρ
1395 4229 1585 4289 ταύτης
1619 4236 1711 4290 τῆς
1746 4231 1911 4297 χώρας
1947 4231 2148 4297 ὑπέχειν
2177 4232 2381 4291 εὐθύνας
2398 4233 2451 4292 ἣν
2469 4233 2738 4291 Μακεδόνες

395 4320 536 4384 αὐτῷ
574 4318 822 4370 δεδώκασι.
859 4320 997 4390 App.
1038 4320 1160 4391 Syr.
1198 4322 1283 4376 53.
1321 4319 1613 4386 χαλεπήνας
1649 4324 1677 4371 ὃ
1713 4323 1992 4386 Ἀντίγονος
2029 4320 2133 4387 ᾔτει
2168 4325 2436 4386 λογισμοὺς
2466 4322 2736 4388 χρημάτων

394 4430 456 4462 τε
494 4408 580 4459 καὶ
617 4407 897 4470 κτημάτων.
935 4409 1120 4477 (Quod
1157 4411 1431 4465 rationem
1467 4411 1773 4480 postulavit
1809 4411 1878 4467 de
1914 4410 2156 4474 προσόδοις·
2191 4410 2415 4476 χρήμασι
2437 4416 2493 4468 01:
2512 4409 2734 4475 κτήμασι

396 4499 704 4569 (redituum
726 4501 783 4552 et
800 4499 1188 4567 pecuniarum)
1209 4500 1447 4554 ostendit
1487 4500 1736 4554 hocloco
1759 4500 1848 4571 agi
1870 4500 1938 4556 de
1957 4500 2432 4556 administratione
2450 4502 2733 4570 thesauri).
