3338 5350
1508 521 1632 588 157

397 740 524 806 pro
593 740 727 804 quo
792 717 967 783 nihil
1022 718 1308 805 adeptus
1378 717 1483 801 sit,
1525 718 1655 783 nisi
1695 719 2018 805 Epirotae
2063 722 2469 807 promissum
2508 722 2741 787 auxilii

397 827 483 890 ad
571 824 853 891 fratrem
962 846 1173 911 regno
1261 825 1676 914 pellendum,
1772 827 1859 892 ad
1949 829 2419 914 usurpandum
2500 830 2743 895 solium

394 933 705 1018 regium?
796 933 989 1011 Quod
1058 954 1185 1018 ego
1258 933 1533 1019 quidem
1602 933 1789 998 nullo
1860 934 2059 1000 modo
2130 934 2464 1019 conjicere
2504 939 2738 1002 ausim.

396 1039 584 1117 Quae
652 1062 808 1104 cum
872 1041 970 1104 ita
1040 1041 1177 1104 sint
1242 1038 1469 1104 facere
1536 1061 1674 1105 non
1746 1060 2019 1127 possum
2089 1042 2256 1125 quin
2303 1044 2600 1130 suspicer
2646 1045 2742 1110 sic

398 1148 793 1211 convenisse
836 1148 1014 1212 inter
1057 1147 1400 1232 Pyrrhum
1424 1152 1492 1210 et
1515 1145 2015 1211 Alexandrum:
2064 1146 2456 1214 Alexander
2477 1150 2743 1236 Pyrrho

398 1274 702 1317 cessurus
771 1261 916 1318 erat
988 1254 1372 1341 provincias
1436 1253 1886 1318 occidentales
1933 1252 2372 1319 Macedoniae
2420 1255 2741 1341 adjectas,

399 1381 687 1445 quarum
754 1362 975 1447 pretio
1045 1361 1328 1447 Epirota
1388 1363 1448 1424 ei
1518 1380 1717 1446 opem
1776 1358 2036 1424 laturus
2107 1368 2273 1443 erat,
2335 1367 2415 1425 ut
2459 1360 2743 1428 stati-em

399 1488 610 1551 regno
648 1468 1059 1533 deturbaret.

490 1571 796 1651 Quonam
844 1580 1071 1640 autem
1118 1595 1425 1639 successu
1471 1574 1783 1640 Alexand
1792 1596 1863 1638 er
1910 1573 2191 1640 consilia
2237 1597 2358 1640 sua
2391 1583 2744 1642 exsecutus

401 1681 507 1763 sit,
553 1686 792 1746 notum
836 1687 957 1746 est.
1003 1680 1368 1768 Antipater
1411 1702 1624 1767 regno
1673 1703 1792 1747 suo
1838 1680 2236 1746 deturbatus
2287 1688 2406 1766 est,
2454 1682 2745 1748 salutem

398 1788 598 1874 petiit
666 1788 849 1875 apud
916 1786 1422 1874 Lysimachum,
1492 1787 1611 1874 qui
1679 1789 1752 1853 id
1816 1810 1857 1852 a
1918 1788 2183 1873 Pyrrho
2228 1790 2622 1877 impetravit
2666 1797 2746 1855 ut

401 1916 639 1980 pacem
677 1896 855 1959 inter
898 1894 1143 1960 fratres
1192 1897 1575 1960 restitueret
1602 1893 1675 1978 1).
1705 1895 1794 1960 Hi
1823 1902 2052 1960 autem
2077 1896 2324 1961 deinde
2349 1896 2742 1983 aliquantis-

401 2023 525 2089 per
568 2001 985 2087 conjunctim
1029 2000 1470 2067 Macedoniae
1513 2008 1862 2090 praesunt,
1913 2003 2057 2067 sive
2103 2005 2441 2069 communi
2467 2003 2742 2070 consilio

403 2131 508 2174 res
578 2110 1144 2192 administrantes,
1215 2115 1293 2174 ut
1362 2109 1576 2174 tradit
1634 2109 1975 2174 Diodorus
2002 2110 2075 2193 ²),
2122 2111 2268 2175 sive
2312 2110 2562 2197 singuli
2608 2112 2743 2176 suis

401 2217 786 2302 regionibus
853 2215 1181 2304 praefecti
1210 2214 1282 2300 3),
1351 2237 1507 2282 cum
1576 2217 1722 2281 sine
1788 2215 1996 2281 dubio
2064 2215 2368 2303 Pyrrhus
2434 2220 2743 2304 regiones

403 2324 532 2389 sibi
601 2326 686 2389 ab
747 2323 1140 2389 Alexandro
1208 2345 1553 2389 concessas
1619 2343 1833 2408 regno
1894 2345 2015 2388 suo
2063 2322 2469 2409 adjunxerit.
2515 2326 2743 2390 Etiam

400 2432 730 2496 traditum
776 2436 880 2496 est
926 2432 1264 2516 quomodo
1310 2429 1703 2496 Alexander
1738 2429 1888 2516 jam
1931 2431 2126 2497 brevi
2173 2437 2328 2518 post
2351 2431 2743 2498 interfectus

403 2538 489 2602 sit
558 2560 597 2603 a
662 2538 1042 2620 Demetrio;
1106 2538 1164 2603 is
1207 2537 1650 2625 Antipatrum
1698 2560 1967 2624 quoque
2010 2537 2414 2603 Macedonia
2456 2539 2743 2626 pepulit,

400 2644 511 2710 hic
555 2652 785 2712 autem
832 2668 872 2710 a
918 2666 1144 2711 socero
1193 2652 1511 2734 exceptus
1556 2645 1843 2733 posthac
1890 2647 2105 2711 vitam
2153 2645 2295 2731 egit
2340 2646 2413 2711 in
2458 2645 2744 2712 Thracia

402 2753 475 2817 in
546 2753 702 2819 aula
766 2754 956 2840 regia
1022 2752 1430 2839 Lysimachi.
1501 2753 1657 2840 Ipse
1703 2752 2090 2818 Demetrius
2135 2775 2256 2818 rex
2304 2754 2746 2820 Macedoniae

402 2860 622 2925 iactus
670 2868 790 2926 est.
860 2861 954 2924 Et
1019 2881 1172 2925 cum
1216 2861 1327 2927 hic
1356 2861 1506 2946 jam
1556 2867 1759 2926 antea
1804 2861 1929 2924 sibi
1977 2859 2370 2945 subjecisset
2417 2861 2747 2947 majorem

401 2967 848 3055 Peleponnesi
907 2974 1195 3054 partem,
1233 2968 1550 3033 Athenae
1595 2969 1876 3053 Megara
1921 2974 1990 3032 et
2034 2968 2314 3033 Euboea
2361 2969 2746 3034 auctoritati

402 3075 545 3159 ejus
614 3075 906 3141 obnoxia
971 3082 1213 3158 essent,
1284 3076 1643 3163 imperium
1715 3075 1859 3160 ejus
1904 3074 2089 3139 haud
2133 3077 2232 3140 ita
2275 3075 2568 3140 multum
2613 3076 2744 3141 dis-

402 3183 725 3268 crepabat
771 3205 810 3246 a
856 3180 1217 3247 Cassandri
1266 3182 1569 3269 imperio.
1621 3179 1757 3246 Sed
1800 3182 1888 3246 ab
1916 3181 2129 3246 altera
2150 3189 2347 3269 parte
2371 3182 2746 3249 dominatio

402 3287 547 3373 ejus
593 3292 664 3354 in
709 3289 876 3355 Asia
921 3311 1192 3376 prorsus
1242 3289 1516 3371 interiit,
1566 3286 1909 3374 Cycladae
1953 3288 2212 3354 insulae
2259 3288 2508 3354 sensim
2550 3289 2744 3376 paul-

401 3395 729 3483 latimque
772 3396 1147 3461 Ptolemaei
1194 3397 1508 3481 auspiciis
1548 3395 1865 3481 synedrio
1905 3394 2185 3479 junctae
2232 3401 2407 3460 sunt.

489 3504 534 3570 J
540 3526 649 3569 am
695 3505 888 3568 initio
935 3504 1147 3589 regni,
1196 3502 1584 3567 Demetrius
1619 3501 1934 3577 ⁴condidit
1977 3501 2217 3567 urbem
2240 3501 2748 3567 Demetriadem

401 3613 475 3675 in
540 3610 942 3698 paeninsula
1008 3609 1384 3695 Magnesia,
1457 3610 1529 3673 in
1576 3631 1783 3694 quam
1831 3608 2067 3674 urbem
2113 3610 2450 3674 contraxit
2494 3609 2748 3696 oppida

401 3717 687 3783 Neleam
758 3724 827 3782 et
893 3717 1194 3802 Pagasas
1263 3722 1333 3781 et
1404 3713 1817 3799 Ormenium,
1872 3716 2310 3799 Rhizuntem,
2360 3715 2744 3804 Sepiadem,

403 3823 753 3890 Olizonem
819 3824 1108 3890 Boeben¹
1166 3829 1236 3888 et
1300 3824 1579 3909 Iolcum,
1652 3846 1828 3910 quae
1897 3824 2054 3889 inde
2125 3824 2209 3889 ab
2271 3823 2399 3889 hoc
2440 3831 2748 3911 tempore

453 4112 502 4181 1)
538 4113 741 4167 Justin.
783 4113 866 4165 16.
907 4112 955 4165 1.
995 4112 1044 4165 7.
1084 4112 1230 4165 Plut.
1270 4111 1465 4183 Pyrrh.
1504 4112 1555 4166 6.

452 4212 501 4275 2)
537 4210 692 4264 Diod.
729 4211 813 4263 21.
854 4210 902 4263 7.
953 4208 1041 4258 καὶ
1077 4210 1408 4272 Ἀντίπατρον
1454 4211 1540 4258 τὸν
1590 4210 1894 4272 μητραλοίαν
1941 4206 2301 4272 ἐδολοφόνησεν,
2349 4209 2404 4261 οὗ
2457 4210 2747 4272 βουλόμενος

397 4297 617 4362 σύνεδρον
650 4297 787 4364 ’ἐχειν
823 4304 887 4365 τῇ
928 4299 1179 4365 βασιλείᾳ,

450 4397 502 4464 3)
539 4399 741 4453 Justin.
784 4399 940 4452 16.1.
979 4399 1047 4452 19
1090 4398 1329 4466 „tradita
1366 4397 1416 4451 ei
1454 4398 1629 4453 altera
1666 4401 1826 4467 parte
1861 4397 2236 4467 Macedoniae,
2275 4415 2418 4465 quae
2455 4400 2743 4469 Antipatro

402 4505 642 4561 „genero
681 4489 800 4557 ejus
841 4489 1195 4542 obvenerat.''
