3338 5350
1665 546 1754 609 22

538 742 737 807 modo
785 741 1141 829 Philippus
1189 763 1330 806 sese
1354 743 1636 827 gesserit
1662 763 1826 827 erga
1849 742 2030 806 cives
2056 740 2413 827 subjectos.
2440 741 2588 807 Hoc
2611 748 2879 807 tantum

537 856 825 936 apparet
869 849 1196 936 Phillippi
1247 849 1667 913 adversarios
1717 856 1783 912 et
1829 848 2207 936 proditores
2254 847 2438 913 urbis
2486 850 2555 913 in
2604 849 2880 914 exilium

538 958 772 1021 missos
843 978 1007 1039 esse,
1081 977 1444 1041 eorumque
1515 955 1695 1020 bona
1740 953 2089 1042 publicata
2137 977 2297 1038 esse,
2350 955 2604 1042 alioqui
2649 979 2878 1043 regem

534 1065 813 1128 comiter
877 1064 1271 1128 tractavisse
1334 1060 1929 1149 Amphipolitanos
1976 1061 2046 1146 1).
2124 1061 2668 1150 Amphipolitani
2715 1061 2880 1128 facti

536 1175 694 1234 sunt
753 1170 1177 1235 Macedones.
1252 1169 1387 1235 Sed
1433 1170 1848 1234 territorium
1913 1168 2118 1251 urbiS‚
2160 1167 2272 1253 jus
2319 1170 2612 1234 civitatis
2662 1171 2878 1235 muni-

470 1336 477 1345 .
534 1276 773 1363 cipale‚
815 1297 1064 1341 nomen
1102 1275 1838 1364 Amphipolitanorum,
1856 1281 2187 1362 postestas
2212 1297 2438 1341 rerum
2461 1278 2879 1342 internarum

536 1383 1227 1448 administrandarum
1289 1382 1737 1470 municipalis,
1801 1382 1968 1447 haec
2015 1383 2244 1447 omnia
2288 1384 2367 1448 iis
2417 1382 2653 1449 relicta
2700 1390 2876 1450 sunt.

538 1488 853 1554 Ceterum
913 1511 1051 1555 non
1114 1489 1396 1555 dubium
1465 1497 1566 1555 est
1637 1489 1805 1576 quin
1870 1488 2227 1577 Philippus
2290 1492 2421 1556 arci
2466 1492 2877 1579 praesidium

534 1597 947 1684 imposuerit,
1011 1598 1408 1684 praesertim
1463 1618 1615 1661 cum
1664 1601 1901 1683 pateat
1969 1594 2093 1661 sub
2141 1597 2627 1662 successoribus
2673 1597 2875 1662 Alex-

537 1703 732 1768 andri
782 1725 1004 1768 arcem
1049 1703 1240 1768 illam
1286 1705 1357 1767 in
1395 1709 1738 1791 potestate
1760 1702 2199 1768 Macedoniae
2223 1705 2546 1791 principis
2572 1702 2776 1770 fuisse
2803 1705 2872 1787 2).

532 1811 768 1896 Neque
814 1811 1035 1876 minus
1082 1816 1350 1876 constat
1395 1812 1576 1875 cives
1619 1809 1877 1875 tributa
1899 1808 2151 1893 tulisse,
2178 1811 2514 1898 stipendia
2537 1810 2776 1879 fecisse
2802 1815 2875 1878 in

531 1919 720 2001 regio
770 1919 1063 1984 exercitu
1091 1917 1163 2003 3).

623 2024 760 2090 Sed
805 2023 974 2089 haec
1017 2023 1191 2089 nihil
1240 2027 1535 2090 attinent
1581 2026 1668 2090 ad
1692 2024 2081 2091 libertatem
2106 2026 2315 2112 ipsius
2340 2025 2543 2092 urbis.
2592 2024 2874 2093 Constat

535 2139 762 2198 autem
809 2133 1048 2197 urbem
1092 2139 1247 2220 post
1293 2154 1550 2197 annum
1595 2133 1727 2197 359
1773 2154 1912 2198 non
1974 2131 2265 2219 amplius
2327 2154 2638 2199 nummos
2686 2140 2872 2200 auto-

533 2261 788 2323 nomOS,
835 2245 914 2303 ut
960 2222 1212 2323 dicunt,
1260 2240 1682 2327 percussisse,
1732 2239 1846 2304 sed
1895 2237 2217 2327 Philippi,
2287 2246 2558 2305 ornatos
2605 2247 2874 2306 tantum

532 2347 785 2432 insigni
827 2346 1035 2430 urbis,
1082 2345 1252 2430 face,
1299 2347 1596 2412 tridente
1641 2348 1786 2411 sive
1831 2346 2174 2414 bueraniO.

619 2455 907 2541 Insuper
950 2455 1295 2540 inscriptio
1343 2454 1429 2518 ad
1478 2453 1776 2518 medium
1821 2454 1962 2518 fere
2009 2453 2234 2540 quarti
2280 2453 2485 2519 seculi
2528 2456 2871 2542 pertinens

530 2562 635 2626 his
681 2562 1038 2648 postremis
1087 2561 1279 2626 annis
1326 2561 1509 2626 edita
1556 2567 1676 2644 est,
1723 2561 1795 2625 in
1841 2583 1976 2647 qua
2045 2562 2208 2626 civis
2269 2560 2870 2649 Amphipolitanus

530 2667 813 2734 Macedo
905 2674 1188 2734 vocatur
1209 2666 1279 2751 4).
1387 2666 1715 2733 Arrianus
1781 2668 2168 2734 Nearchum
2237 2666 2872 2756 Amphipolitanum

532 2774 953 2863 praefectum
999 2774 1228 2839 classis
1276 2777 1451 2840 inter
1499 2774 1701 2840 duces
1740 2775 2210 2841 Macedonicos
2238 2784 2587 2840 enumerat
2608 2775 2679 2860 5),
2705 2775 2873 2841 nihil

532 2884 739 2968 igitur
784 2881 1011 2947 obstat
1056 2883 1413 2968 quominus
1460 2882 1957 2947 consideremus
2004 2880 2448 2969 Amphipolin
2474 2904 2514 2946 a
2552 2881 2870 2970 Philippo

532 2996 805 3077 captam
849 2995 927 3054 ut
970 2988 1210 3054 urbem
1254 2988 1781 3069 Macedonicam,
1850 2987 2042 3073 cujus
2089 2989 2271 3053 cives
2331 2989 2572 3054 iisdem
2605 2988 2870 3075 juribus

532 3102 601 3161 et
646 3096 1020 3184 privilegiis
1066 3094 1469 3161 fruebantur
1517 3097 1762 3181 quibus
1783 3096 2029 3182 reliqui
2053 3095 2475 3161 Macedones.
2522 3096 2870 3161 Nearchus

533 3205 714 3268 enim
781 3203 976 3270 classi
1037 3204 1459 3292 praepositus
1529 3208 1694 3286 erat,
1766 3201 2221 3290 Apollodorus
2268 3202 2869 3291 Amphipolitanus

531 3312 710 3376 inter
752 3312 1062 3376 hetaeros
1105 3310 1325 3397 regios
1372 3310 1860 3374 numerabatur
1890 3309 1960 3392 6).

624 3418 818 3496 Quod
866 3422 1095 3481 autem
1140 3417 1385 3481 attinet
1431 3417 1519 3480 ad
1563 3438 1668 3480 res
1715 3416 2036 3499 internas,
2086 3417 2431 3481 decretum
2452 3438 2587 3503 quo
2612 3415 2857 3481 Philon

529 3531 599 3590 et
667 3522 1033 3588 Stratocles
1099 3528 1254 3610 post
1322 3521 1557 3588 urbem
1625 3528 1898 3609 captam
1941 3524 2014 3586 in
2059 3521 2338 3587 exilium
2383 3523 2566 3587 missi
2609 3529 2767 3587 sunt
2789 3522 2861 3604 7),

580 3776 630 3842 1)
666 3776 822 3830 Diod.
863 3775 945 3828 16.
984 3774 1033 3828 8.
1073 3774 1122 3827 2.
1160 3774 1398 3828 Dittenb.
1439 3773 1557 3827 113.
1598 3772 1781 3828 Schol.
1823 3774 1977 3828 Dem.
2017 3774 2099 3828 10.
2140 3773 2224 3827 18.

581 3866 629 3930 2)
667 3865 851 3920 Justin
890 3864 973 3917 14.
1011 3864 1061 3917 6.
1103 3862 1185 3916 13.
1224 3862 1380 3917 Diod.
1420 3863 1502 3916 19.
1541 3862 1626 3916 50.
1664 3862 1714 3915 8.

582 3953 632 4020 3)
671 3954 871 4008 Strabo
921 3953 1025 4006 323
1076 3954 1143 4006 cf.
1197 3952 1379 4007 Justin
1421 3953 1505 4006 11.
1545 3954 1593 4006 1.
1633 3952 1716 4006 10.
1775 3951 2058 4006 Demosth.
2109 3952 2230 4006 657.
2271 3953 2355 4007 20.
2394 3953 2728 4005 Φίλιππον...
2767 3957 2860 4012 τὰς

527 4041 579 4105 ἒξ
615 4044 809 4101 ἁπάσης
845 4040 1141 4100 Μακεδονὶοις
1169 4040 1421 4104 προσόδους
1451 4039 1598 4098 ἀδεῶς
1616 4041 1885 4104 λαμβάνειν
1902 4039 1931 4100 ἰ)
1948 4043 2081 4103 μετὰ
2099 4039 2317 4091 κινδύνων
2337 4044 2430 4100 τὰς
2450 4040 2866 4107 ἔξἈμφιπόλεως.

528 4135 724 4187 Arrian
780 4134 827 4186 1.
866 4133 914 4185 2.
953 4133 1000 4186 5.

582 4221 631 4287 4)
668 4222 807 4277 Bull.
849 4221 1000 4277 Corr.
1038 4222 1175 4276 Hell.
1200 4221 1354 4275 1897.
1373 4240 1424 4291 p.
1448 4222 1566 4275 110.
1591 4218 1849 4282 Εὐαίνετος
1871 4220 2156 4284 Ἀρίστωνος
2176 4221 2408 4273 Μακέδων
2428 4219 2479 4283 ἐξ
2499 4222 2857 4285 Ἀμφιπόλεως,

585 4311 635 4376 5)
673 4310 882 4365 Arrian.
922 4311 1110 4365 Indica
1146 4310 1229 4365 18.
1269 4311 1320 4364 4.
1358 4312 1423 4365 cf.
1463 4310 1495 4378 ξ
1532 4310 1615 4363 10.

582 4398 630 4468 6)
669 4399 881 4454 Arrian.
920 4399 968 4451 7.
1008 4399 1092 4453 18.
1133 4400 1183 4452 1.

584 4490 632 4555 7)
669 4489 909 4542 Dittenb.
949 4488 1066 4542 113.
