3338 5350
1795 495 1885 559 28

671 690 962 755 lominus
1001 691 1178 755 cives
1225 690 1467 755 Graeci
1505 698 1918 775 manserunt,
1944 692 2135 756 nullo
2175 692 2375 757 modo
2414 691 2817 757 Macedones
2844 691 3014 756 facti

674 802 832 861 sunt
856 795 910 878 1)
961 798 1164 861 immo
1211 799 1369 862 socii
1407 797 1848 863 Macedoniae
1873 797 2306 885 appellantur
2331 798 2552 880 (Diod.
2582 799 2685 862 17.
2712 799 2843 880 71).
2870 798 3009 862 Res

671 906 978 970 internae
1047 910 1274 969 autem
1342 904 1428 970 ab
1496 905 1656 992 ipsis
1717 905 1977 971 civibus
2020 906 2686 985 administrabantur,
2735 908 3010 971 tametsi

673 1012 900 1077 omnia
963 1011 1049 1075 ad
1087 1017 1329 1076 nutum
1379 1018 1445 1076 et
1490 1012 1917 1077 voluntatem
1964 1014 2142 1099 regis
2188 1012 2465 1096 fiebant,
2514 1035 2638 1100 per
2680 1011 3009 1078 factiones

673 1118 980 1205 politicas
1025 1124 1103 1183 ut
1148 1118 1419 1184 videtur
1464 1121 1827 1184 auctoritas
1876 1119 2020 1204 ejus
2048 1121 2252 1184 etiam
2276 1119 2377 1184 his
2403 1121 2473 1184 in
2497 1119 2659 1185 locis
2684 1119 2904 1184 valuit
2934 1120 3005 1204 2).

762 1225 995 1291 Status
1063 1231 1292 1290 autem
1357 1226 1600 1291 harum
1666 1227 1938 1291 urbium
2016 1227 2272 1314 optime
2338 1228 2715 1314 comparari
2783 1231 3008 1313 potest

674 1355 828 1398 cum
873 1338 1055 1398 statu
1096 1333 1475 1398 civitatium
1522 1333 1994 1398 dediticiamm
2037 1332 2151 1398 vel
2193 1334 2787 1421 stipendiariamm
2834 1356 3007 1420 quae

670 1438 950 1504 fuerunt
992 1441 1064 1504 in
1107 1440 1474 1527 provinciis
1518 1439 1755 1528 populi
1799 1441 2092 1507 Romani
2140 1444 2211 1522 3).

757 1546 1002 1633 Itaque
1043 1546 1399 1635 Philippus
1467 1569 1616 1613 oras
1685 1547 2056 1612 maritimas
2127 1546 2454 1613 Thraciae
2499 1546 2628 1612 hoc
2673 1548 2874 1613 modo
2921 1548 3003 1612 ad
3263 1544 3271 1579 ⁴⁵

670 1676 741 1718 se
786 1655 1010 1738 traxit,
1061 1655 1148 1719 ad
1194 1654 1465 1720 Granum
1530 1676 1743 1739 usque
1803 1655 2111 1720 dominus
2159 1656 2428 1740 agnitus
2474 1661 2591 1720 est.
2687 1653 2824 1719 Sed
2871 1655 3006 1741 By-

670 1762 974 1826 zantium
1035 1768 1226 1827 extra
1295 1762 1683 1827 societatem
1753 1782 1895 1826 sese
1963 1763 2034 1825 in
2076 1760 2463 1827 libertatem
2509 1762 2886 1840 vindicavit,
2932 1755 3031 1848 4),‘

670 1889 826 1933 cum
895 1870 1040 1955 ipse
1103 1868 1588 1955 Gersobleptes‚
1653 1869 1910 1932 amissis
1981 1873 2083 1933 tot
2151 1868 2557 1953 regionibus,
2623 1867 2768 1953 jam
2828 1891 3005 1934 nunc

672 1982 941 2040 coactus
1014 1983 1190 2041 esset
1255 1976 1512 2040 tributa
1578 1972 1758 2039 ferre
1809 1974 1861 2057 5)
1912 1976 2135 2040 denuo
2180 1973 2484 2062 Philippi
2544 1976 3005 2063 principatum

673 2103 1053 2168 agnoscere.
1102 2082 1312 2148 Filius
1362 2090 1589 2148 autem
1635 2083 1861 2168 regius
1900 2083 2091 2146 obses
2116 2083 2187 2146 in
2211 2081 2612 2148 Macedonia
2633 2084 2882 2148 mansit
2936 2082 2984 2165 6)

761 2189 1227 2277 Oersobleptes
1293 2190 1423 2254 hoc
1490 2189 1691 2254 modo
1762 2187 2081 2275 Philippo
2153 2188 2481 2253 obnoxius
2536 2186 2777 2272 factuS,
2863 2192 3003 2275 regi

633 2310 808 2362 'non
857 2318 933 2361 eo
981 2318 1193 2382 usque
1235 2296 1656 2362 oboedivisse
1709 2296 1983 2360 videtur
2027 2307 2103 2361 ut
2147 2294 2303 2360 huic
2359 2297 2433 2360 in
2477 2297 2660 2361 omni
2707 2318 2782 2361 re
2830 2297 3004 2362 dicto

672 2405 953 2470 audiens
999 2403 1224 2488 fuerit,
1272 2410 1526 2486 contra,
1579 2424 1757 2468 anno
1803 2404 1934 2467 342
1983 2402 2257 2468 foedere
2305 2402 2583 2488 junctus
2632 2426 2787 2468 cum
2838 2404 3002 2469 Tere

672 2511 945 2576 alterius
1012 2513 1233 2597 gentis
1303 2510 1665 2576 Thracicae
1733 2531 1911 2595 rege,
1980 2509 2179 2574 urbes
2246 2510 2317 2574 in
2378 2510 2508 2575 oris
2555 2511 2910 2575 maritimis
2966 2533 3004 2573 a

669 2617 988 2707 Philippo
1049 2620 1392 2706 occupatis
1452 2618 1633 2684 bello
1723 2617 2060 2684 lacessivit
2107 2618 2178 2700 7),
2257 2618 2425 2683 adeo
2503 2623 2579 2682 ut
2650 2616 3003 2705 Philippus
3269 2695 3270 2698 Ἴ

671 2732 939 2792 coactus
990 2733 1164 2792 esset
1202 2728 1448 2792 iterum
1471 2748 1614 2792 sese
1638 2732 1904 2791 vertere
1929 2727 1999 2790 in
2022 2726 2397 2808 Thraciam,
2440 2725 2557 2790 ubi
2579 2747 2773 2810 reges
2799 2727 3004 2790 socios

671 2833 977 2921 pluribus
1025 2833 1329 2899 cladibus
1400 2833 1629 2899 affecit
1696 2855 1943 2919 eosque
2000 2838 2390 2920 persecutus
2439 2838 2540 2897 est
2585 2833 2657 2896 in
2702 2833 3004 2917 regiones

670 2940 1213 3024 mediterraneaS‚
1265 2941 1478 3006 donec
1523 2940 1800 3005 tandem
1849 2962 1959 3005 eos
2003 2941 2227 3025 regnis
2275 2941 2408 3004 suis
2454 2938 2719 3026 pepulit
2740 2938 2810 3021 8),
2845 2939 3003 3025 ipsis

669 3047 985 3134 gentibus
1055 3047 1348 3112 decimas
1415 3047 1897 3135 persolvendas
1960 3047 2281 3133 imposuit
2323 3045 2395 3131 9).
2507 3045 2652 3123 Quo
2721 3067 3004 3131 regnum

673 3176 868 3219 suum
915 3153 1361 3238 confirmaret,
1409 3175 1544 3241 quo
1598 3154 1955 3219 Thracicas
1971 3159 2211 3239 gentes
2237 3152 2599 3235 cohiberet,
2627 3173 2765 3217 non
2789 3152 3002 3217 solum

672 3260 1011 3336 nobilibus
1077 3260 1562 3326 Macedonibus
1610 3282 1806 3346 agros
1851 3261 1922 3324 in
1962 3260 2249 3326 Thracia
2291 3260 2468 3325 dono
2515 3258 2705 3322 dedit
2742 3256 2840 3342 ¹⁰),
2890 3257 3000 3322 sed

723 3476 769 3544 1)
806 3476 1002 3530 Arrian
1023 3475 1175 3528 1.11.
1196 3475 1244 3528 4.
1283 3473 1509 3537 ’Ἄβδηρα
1546 3474 1634 3527 καὶ
1669 3471 1949 3536 Μαρώνειαν
1986 3476 2149 3529 πόλεις
2186 3471 2489 3530 Ἑλληνίδας.
2532 3472 2722 3526 Indica
2745 3471 2830 3526 18.
2852 3472 2899 3524 7.

724 3565 770 3633 2)
810 3565 1096 3619 Demosth.
1137 3563 1255 3616 218.
1295 3563 1363 3617 10
1395 3567 1451 3617 et
1482 3564 1635 3617 1334.
1678 3563 1746 3617 10
1781 3560 1828 3613 ἓν
1847 3560 1917 3620 οἷς
1936 3564 1986 3612 οἱ
1999 3563 2086 3624 μὲν
2105 3556 2425 3625 ἐφιλίππιζον
2444 3556 2813 3621 οἶδ’ἧττίκιζον
2833 3558 3003 3610 αὐτῶν.

674 3656 778 3721 (De
814 3655 1008 3720 Aeno).

721 3743 768 3810 3)
808 3744 1049 3798 Willems
1083 3742 1243 3806 Droit
1277 3742 1471 3796 Public
1506 3742 1744 3805 Romain
1788 3741 1909 3796 362.

723 3832 773 3896 4)
807 3832 1090 3887 Demosth.
1128 3831 1214 3885 63.
1255 3829 1337 3884 19.

724 3923 773 3990 5)
808 3922 965 3977 Diod.
1005 3921 1089 3977 16.
1128 3920 1212 3974 71.
1251 3920 1300 3974 2.

731 4012 779 4080 6)
817 4012 1066 4067 Aeschin.
1104 4012 1330 4080 Parapr.
1367 4009 1452 4063 81.

727 4101 773 4163 7)
808 4101 965 4155 Diod.
1005 4101 1088 4153 16.
1128 4101 1211 4153 71.
1251 4101 1298 4153 1.

725 4190 774 4252 8)
811 4190 1090 4243 Demosth.
1150 4188 1265 4242 161.
1324 4188 1406 4242 15.
1461 4182 1730 4250 κομίζεσθε
1780 4187 1864 4236 καῖ
1916 4194 2028 4248 παρ’
2066 4187 2188 4248 ἐμοῦ
2233 4189 2321 4245 τὴν
2358 4182 2545 4252 Θρᾴκην
2580 4183 2692 4241 ὅσης
2728 4181 2883 4246 ΤήρηςΔ
2914 4181 2994 4232 καὶ

675 4279 1040 4341 Κερσοβλέπτης
1076 4275 1232 4340 ἦρχεν.
1269 4277 1481 4332 Arrian.
1520 4278 1568 4330 7.
1607 4277 1656 4330 9.
1696 4277 1745 4330 3.

725 4368 772 4437 9)
810 4367 966 4422 Diod.
1004 4367 1075 4421 1.1.

699 4457 773 4527 1θ)
812 4457 1073 4514 Schaefer
1108 4456 1158 4511 2.
1201 4455 1322 4510 449.
