<?xml version="1.0" encoding="UTF-8"?>
<!DOCTYPE html PUBLIC "-//W3C//DTD XHTML 1.0 Transitional//EN"
    "http://www.w3.org/TR/xhtml1/DTD/xhtml1-transitional.dtd">
<html xmlns="http://www.w3.org/1999/xhtml" xml:lang="en" lang="en">
 <head>
  <title>
</title>
<meta http-equiv="Content-Type" content="text/html;charset=utf-8" />
  <meta name='ocr-system' content='tesseract 3.04.00' />
  <meta name='ocr-capabilities' content='ocr_page ocr_carea ocr_par ocr_line ocrx_word'/>
</head>
<body>
  <div class='ocr_page' id='page_1' title='image "./definibusregnim01breegoog_0139.png"; bbox 0 0 3338 5350; ppageno 0'>
   <div class='ocr_carea' id='block_1_1' title="bbox 1573 546 1661 610">
    <p class='ocr_par' dir='ltr' id='par_1_1' title="bbox 1573 546 1661 610">
     <span class='ocr_line' id='line_1_1' title="bbox 1573 546 1661 610; baseline 0 0"><span class='ocrx_word' id='word_1_1' title='bbox 1573 546 1661 610; x_wconf 87' lang='grc'>89</span> 
     </span>
    </p>
   </div>
   <div class='ocr_carea' id='block_1_2' title="bbox 440 742 2793 4044">
    <p class='ocr_par' dir='ltr' id='par_1_2' title="bbox 448 742 2786 938">
     <span class='ocr_line' id='line_1_2' title="bbox 448 742 2786 830; baseline 0 -23"><span class='ocrx_word' id='word_1_2' title='bbox 448 744 775 808; x_wconf 89' lang='lat' dir='ltr'>lutionem</span> <span class='ocrx_word' id='word_1_3' title='bbox 843 742 1130 830; x_wconf 87' lang='lat' dir='ltr'>imperii,</span> <span class='ocrx_word' id='word_1_4' title='bbox 1200 765 1375 830; x_wconf 88' lang='lat' dir='ltr'>quae</span> <span class='ocrx_word' id='word_1_5' title='bbox 1442 764 1597 808; x_wconf 86' lang='lat' dir='ltr'>mox</span> <span class='ocrx_word' id='word_1_6' title='bbox 1658 749 1970 809; x_wconf 89' lang='lat' dir='ltr'>secutura</span> <span class='ocrx_word' id='word_1_7' title='bbox 2052 748 2216 820; x_wconf 83' lang='lat' dir='ltr'>erat,</span> <span class='ocrx_word' id='word_1_8' title='bbox 2279 742 2485 807; x_wconf 92' lang='lat' dir='ltr'>immo</span> <span class='ocrx_word' id='word_1_9' title='bbox 2530 764 2614 807; x_wconf 84' lang='lat' dir='ltr'>ex</span> <span class='ocrx_word' id='word_1_10' title='bbox 2656 742 2786 808; x_wconf 91' lang='lat' dir='ltr'>hac</span> 
     </span>
     <span class='ocr_line' id='line_1_3' title="bbox 450 850 1340 938; baseline 0 -24"><span class='ocrx_word' id='word_1_11' title='bbox 450 850 597 937; x_wconf 92' lang='lat' dir='ltr'>ipsa</span> <span class='ocrx_word' id='word_1_12' title='bbox 641 871 713 915; x_wconf 95' lang='lat' dir='ltr'>re</span> <span class='ocrx_word' id='word_1_13' title='bbox 762 850 1095 936; x_wconf 82' lang='lat' dir='ltr'>originem</span> <span class='ocrx_word' id='word_1_14' title='bbox 1140 850 1340 938; x_wconf 90' lang='lat' dir='ltr'>cepit.</span> 
     </span>
    </p>

    <p class='ocr_par' dir='ltr' id='par_1_3' title="bbox 440 956 2793 3292">
     <span class='ocr_line' id='line_1_4' title="bbox 536 956 2786 1044; baseline -0 -22"><span class='ocrx_word' id='word_1_15' title='bbox 536 957 697 1023; x_wconf 88' lang='lat' dir='ltr'>Jam</span> <span class='ocrx_word' id='word_1_16' title='bbox 742 979 947 1044; x_wconf 88' lang='lat' dir='ltr'>supra</span> <span class='ocrx_word' id='word_1_17' title='bbox 991 978 1147 1044; x_wconf 84' lang='lat' dir='ltr'>pag.</span> <span class='ocrx_word' id='word_1_18' title='bbox 1196 957 1283 1021; x_wconf 87' lang='grc'>66</span> <span class='ocrx_word' id='word_1_19' title='bbox 1330 956 1698 1044; x_wconf 79' lang='lat' dir='ltr'><strong>Antipater</strong></span> <span class='ocrx_word' id='word_1_20' title='bbox 1741 957 1936 1022; x_wconf 93' lang='lat' dir='ltr'>nobis</span> <span class='ocrx_word' id='word_1_21' title='bbox 1968 956 2210 1022; x_wconf 81' lang='lat' dir='ltr'>obvius</span> <span class='ocrx_word' id='word_1_22' title='bbox 2234 956 2389 1040; x_wconf 84' lang='lat' dir='ltr'>suit,</span> <span class='ocrx_word' id='word_1_23' title='bbox 2435 963 2786 1042; x_wconf 85' lang='lat' dir='ltr'>tamquam</span> 
     </span>
     <span class='ocr_line' id='line_1_5' title="bbox 449 1063 2788 1152; baseline 0 -25"><span class='ocrx_word' id='word_1_24' title='bbox 449 1064 793 1143; x_wconf 76' lang='grc' dir='ltr'><strong><em>στρατηγὸς</em></strong></span> <span class='ocrx_word' id='word_1_25' title='bbox 841 1063 1231 1144; x_wconf 73' lang='grc' dir='ltr'><strong><em>αὐτοκράτωρ</em></strong></span> <span class='ocrx_word' id='word_1_26' title='bbox 1278 1063 1636 1129; x_wconf 85' lang='lat' dir='ltr'>universae</span> <span class='ocrx_word' id='word_1_27' title='bbox 1683 1065 1864 1152; x_wconf 88' lang='lat' dir='ltr'>parti</span> <span class='ocrx_word' id='word_1_28' title='bbox 1908 1064 2179 1152; x_wconf 89' lang='lat' dir='ltr'>imperii</span> <span class='ocrx_word' id='word_1_29' title='bbox 2223 1065 2296 1128; x_wconf 90' lang='lat' dir='ltr'>in</span> <span class='ocrx_word' id='word_1_30' title='bbox 2318 1065 2594 1151; x_wconf 83' lang='lat' dir='ltr'>Europa</span> <span class='ocrx_word' id='word_1_31' title='bbox 2617 1064 2788 1129; x_wconf 90' lang='lat' dir='ltr'>sitae</span> 
     </span>
     <span class='ocr_line' id='line_1_6' title="bbox 448 1171 2787 1259; baseline -0.001 -22"><span class='ocrx_word' id='word_1_32' title='bbox 448 1172 893 1259; x_wconf 79' lang='lat' dir='ltr'>praeposituS,</span> <span class='ocrx_word' id='word_1_33' title='bbox 957 1193 1139 1236; x_wconf 90' lang='lat' dir='ltr'>nunc</span> <span class='ocrx_word' id='word_1_34' title='bbox 1184 1172 1391 1237; x_wconf 82' lang='lat' dir='ltr'>etiam</span> <span class='ocrx_word' id='word_1_35' title='bbox 1449 1171 1522 1235; x_wconf 91' lang='lat' dir='ltr'>in</span> <span class='ocrx_word' id='word_1_36' title='bbox 1569 1171 1736 1236; x_wconf 83' lang='lat' dir='ltr'>Asia</span> <span class='ocrx_word' id='word_1_37' title='bbox 1780 1171 1852 1236; x_wconf 90' lang='lat' dir='ltr'>hi</span> <span class='ocrx_word' id='word_1_38' title='bbox 1897 1172 2332 1257; x_wconf 85' lang='lat' dir='ltr'>magistratus</span> <span class='ocrx_word' id='word_1_39' title='bbox 2379 1171 2596 1257; x_wconf 85' lang='lat' dir='ltr'>magis</span> <span class='ocrx_word' id='word_1_40' title='bbox 2642 1171 2787 1235; x_wconf 83' lang='lat' dir='ltr'>vul·</span> 
     </span>
     <span class='ocr_line' id='line_1_7' title="bbox 447 1277 2786 1366; baseline -0 -23"><span class='ocrx_word' id='word_1_41' title='bbox 447 1279 592 1364; x_wconf 86' lang='lat' dir='ltr'>gati</span> <span class='ocrx_word' id='word_1_42' title='bbox 639 1284 815 1343; x_wconf 90' lang='lat' dir='ltr'>sunt.</span> <span class='ocrx_word' id='word_1_43' title='bbox 895 1278 1304 1366; x_wconf 82' lang='lat' dir='ltr'>Exemplum</span> <span class='ocrx_word' id='word_1_44' title='bbox 1349 1277 1551 1363; x_wconf 87' lang='lat' dir='ltr'>hujus</span> <span class='ocrx_word' id='word_1_45' title='bbox 1597 1277 1810 1344; x_wconf 86' lang='lat' dir='ltr'>officii</span> <span class='ocrx_word' id='word_1_46' title='bbox 1855 1284 2124 1365; x_wconf 88' lang='lat' dir='ltr'>praesto</span> <span class='ocrx_word' id='word_1_47' title='bbox 2170 1285 2272 1343; x_wconf 89' lang='lat' dir='ltr'>est</span> <span class='ocrx_word' id='word_1_48' title='bbox 2316 1279 2389 1343; x_wconf 92' lang='lat' dir='ltr'>in</span> <span class='ocrx_word' id='word_1_49' title='bbox 2433 1277 2786 1360; x_wconf 89' lang='lat' dir='ltr'>Peithone,</span> 
     </span>
     <span class='ocr_line' id='line_1_8' title="bbox 449 1383 2787 1473; baseline -0.001 -23"><span class='ocrx_word' id='word_1_50' title='bbox 449 1386 564 1472; x_wconf 88' lang='lat' dir='ltr'>qui</span> <span class='ocrx_word' id='word_1_51' title='bbox 610 1385 774 1451; x_wconf 92' lang='lat' dir='ltr'>inde</span> <span class='ocrx_word' id='word_1_52' title='bbox 843 1386 927 1452; x_wconf 82' lang='lat' dir='ltr'>ab</span> <span class='ocrx_word' id='word_1_53' title='bbox 977 1407 1154 1451; x_wconf 89' lang='lat' dir='ltr'>anno</span> <span class='ocrx_word' id='word_1_54' title='bbox 1201 1386 1331 1451; x_wconf 80' lang='grc'>323</span> <span class='ocrx_word' id='word_1_55' title='bbox 1399 1391 1669 1473; x_wconf 89' lang='lat' dir='ltr'>praeter</span> <span class='ocrx_word' id='word_1_56' title='bbox 1728 1385 1939 1472; x_wconf 91' lang='lat' dir='ltr'>ipsius</span> <span class='ocrx_word' id='word_1_57' title='bbox 2000 1385 2422 1472; x_wconf 88' lang='lat' dir='ltr'>provinciam</span> <span class='ocrx_word' id='word_1_58' title='bbox 2468 1383 2787 1467; x_wconf 80' lang='lat' dir='ltr'>Mediam,</span> 
     </span>
     <span class='ocr_line' id='line_1_9' title="bbox 447 1491 2788 1580; baseline 0 -24"><span class='ocrx_word' id='word_1_59' title='bbox 447 1493 725 1580; x_wconf 81' lang='lat' dir='ltr'>insuper</span> <span class='ocrx_word' id='word_1_60' title='bbox 770 1495 1091 1558; x_wconf 85' lang='lat' dir='ltr'>universa</span> <span class='ocrx_word' id='word_1_61' title='bbox 1135 1499 1455 1580; x_wconf 83' lang='lat' dir='ltr'>praetura</span> <span class='ocrx_word' id='word_1_62' title='bbox 1499 1492 1708 1557; x_wconf 87' lang='lat' dir='ltr'>totius</span> <span class='ocrx_word' id='word_1_63' title='bbox 1753 1492 1957 1557; x_wconf 89' lang='lat' dir='ltr'>Asiae</span> <span class='ocrx_word' id='word_1_64' title='bbox 2005 1491 2384 1579; x_wconf 84' lang='lat' dir='ltr'>Superioris</span> <span class='ocrx_word' id='word_1_65' title='bbox 2439 1491 2788 1580; x_wconf 83' lang='lat' dir='ltr'>praeditus</span> 
     </span>
     <span class='ocr_line' id='line_1_10' title="bbox 448 1597 2789 1686; baseline 0 -22"><span class='ocrx_word' id='word_1_66' title='bbox 448 1605 595 1664; x_wconf 90' lang='lat' dir='ltr'>erat</span> <span class='ocrx_word' id='word_1_67' title='bbox 615 1599 689 1686; x_wconf 78' lang='grc'>1).</span> <span class='ocrx_word' id='word_1_68' title='bbox 784 1600 973 1675; x_wconf 84' lang='lat' dir='ltr'>Quae</span> <span class='ocrx_word' id='word_1_69' title='bbox 1040 1598 1434 1665; x_wconf 87' lang='lat' dir='ltr'>continebat</span> <span class='ocrx_word' id='word_1_70' title='bbox 1501 1605 1608 1681; x_wconf 90' lang='lat' dir='ltr'>ut,</span> <span class='ocrx_word' id='word_1_71' title='bbox 1683 1597 1801 1663; x_wconf 90' lang='lat' dir='ltr'>ubi</span> <span class='ocrx_word' id='word_1_72' title='bbox 1866 1598 2049 1664; x_wconf 90' lang='lat' dir='ltr'>bella</span> <span class='ocrx_word' id='word_1_73' title='bbox 2115 1599 2188 1662; x_wconf 94' lang='lat' dir='ltr'>in</span> <span class='ocrx_word' id='word_1_74' title='bbox 2254 1597 2421 1663; x_wconf 89' lang='lat' dir='ltr'>Asia</span> <span class='ocrx_word' id='word_1_75' title='bbox 2487 1599 2789 1685; x_wconf 86' lang='lat' dir='ltr'>gerenda</span> 
     </span>
     <span class='ocr_line' id='line_1_11' title="bbox 448 1704 2788 1795; baseline 0.001 -25"><span class='ocrx_word' id='word_1_76' title='bbox 448 1712 661 1789; x_wconf 88' lang='lat' dir='ltr'>erant,</span> <span class='ocrx_word' id='word_1_77' title='bbox 757 1712 1087 1795; x_wconf 87' lang='lat' dir='ltr'>satrapae,</span> <span class='ocrx_word' id='word_1_78' title='bbox 1172 1704 1366 1792; x_wconf 81' lang='lat' dir='ltr'>J‘ussu</span> <span class='ocrx_word' id='word_1_79' title='bbox 1435 1726 1738 1770; x_wconf 84' lang='lat' dir='ltr'>summae</span> <span class='ocrx_word' id='word_1_80' title='bbox 1826 1705 2095 1794; x_wconf 89' lang='lat' dir='ltr'>imperii</span> <span class='ocrx_word' id='word_1_81' title='bbox 2162 1706 2788 1790; x_wconf 79' lang='lat' dir='ltr'>administrationiS,</span> 
     </span>
     <span class='ocr_line' id='line_1_12' title="bbox 446 1811 2790 1900; baseline 0 -22"><span class='ocrx_word' id='word_1_82' title='bbox 446 1814 675 1899; x_wconf 89' lang='lat' dir='ltr'>copias</span> <span class='ocrx_word' id='word_1_83' title='bbox 746 1813 1072 1879; x_wconf 86' lang='lat' dir='ltr'>militares</span> <span class='ocrx_word' id='word_1_84' title='bbox 1118 1836 1271 1879; x_wconf 83' lang='lat' dir='ltr'>suas</span> <span class='ocrx_word' id='word_1_85' title='bbox 1318 1812 1406 1878; x_wconf 85' lang='lat' dir='ltr'>ad</span> <span class='ocrx_word' id='word_1_86' title='bbox 1452 1811 1854 1878; x_wconf 88' lang='lat' dir='ltr'>Peithonem</span> <span class='ocrx_word' id='word_1_87' title='bbox 1915 1813 2258 1895; x_wconf 79' lang='lat' dir='ltr'>ducerent,</span> <span class='ocrx_word' id='word_1_88' title='bbox 2306 1813 2790 1900; x_wconf 80' lang='lat' dir='ltr'>imperatisque</span> 
     </span>
     <span class='ocr_line' id='line_1_13' title="bbox 447 1919 2790 2008; baseline -0 -23"><span class='ocrx_word' id='word_1_89' title='bbox 447 1919 590 2007; x_wconf 86' lang='lat' dir='ltr'>ejus</span> <span class='ocrx_word' id='word_1_90' title='bbox 659 1920 1076 1986; x_wconf 76' lang='lat' dir='ltr'>oboedirent.</span> <span class='ocrx_word' id='word_1_91' title='bbox 1169 1919 1485 1986; x_wconf 81' lang='lat' dir='ltr'>Profecto</span> <span class='ocrx_word' id='word_1_92' title='bbox 1551 1919 1731 1985; x_wconf 90' lang='lat' dir='ltr'>hanc</span> <span class='ocrx_word' id='word_1_93' title='bbox 1798 1920 1884 1987; x_wconf 95' lang='lat' dir='ltr'>ob</span> <span class='ocrx_word' id='word_1_94' title='bbox 1953 1942 2098 1985; x_wconf 88' lang='lat' dir='ltr'>rem</span> <span class='ocrx_word' id='word_1_95' title='bbox 2179 1920 2421 1985; x_wconf 87' lang='lat' dir='ltr'>Peitho</span> <span class='ocrx_word' id='word_1_96' title='bbox 2489 1919 2790 2008; x_wconf 85' lang='lat' dir='ltr'>praefuit</span> 
     </span>
     <span class='ocr_line' id='line_1_14' title="bbox 443 2026 2788 2115; baseline -0.001 -22"><span class='ocrx_word' id='word_1_97' title='bbox 443 2027 886 2115; x_wconf 85' lang='lat' dir='ltr'>expeditioni,</span> <span class='ocrx_word' id='word_1_98' title='bbox 959 2049 1132 2113; x_wconf 89' lang='lat' dir='ltr'>quae</span> <span class='ocrx_word' id='word_1_99' title='bbox 1203 2049 1380 2092; x_wconf 90' lang='lat' dir='ltr'>anno</span> <span class='ocrx_word' id='word_1_100' title='bbox 1451 2028 1581 2091; x_wconf 80' lang='lat'>323</span> <span class='ocrx_word' id='word_1_101' title='bbox 1651 2034 1889 2092; x_wconf 83' lang='lat' dir='ltr'>contra</span> <span class='ocrx_word' id='word_1_102' title='bbox 1955 2026 2227 2093; x_wconf 90' lang='lat' dir='ltr'>colonos</span> <span class='ocrx_word' id='word_1_103' title='bbox 2296 2027 2648 2093; x_wconf 89' lang='lat' dir='ltr'>seditiosos</span> <span class='ocrx_word' id='word_1_104' title='bbox 2717 2028 2788 2091; x_wconf 92' lang='lat' dir='ltr'>in</span> 
     </span>
     <span class='ocr_line' id='line_1_15' title="bbox 443 2134 2787 2222; baseline 0 -22"><span class='ocrx_word' id='word_1_105' title='bbox 443 2135 724 2200; x_wconf 77' lang='lat' dir='ltr'>Bactria</span> <span class='ocrx_word' id='word_1_106' title='bbox 772 2141 841 2198; x_wconf 92' lang='lat' dir='ltr'>et</span> <span class='ocrx_word' id='word_1_107' title='bbox 888 2134 1258 2220; x_wconf 83' lang='lat' dir='ltr'>Sogdiana,</span> <span class='ocrx_word' id='word_1_108' title='bbox 1308 2134 1423 2219; x_wconf 90' lang='lat' dir='ltr'>qui</span> <span class='ocrx_word' id='word_1_109' title='bbox 1469 2134 1543 2198; x_wconf 94' lang='lat' dir='ltr'>in</span> <span class='ocrx_word' id='word_1_110' title='bbox 1588 2135 1885 2222; x_wconf 84' lang='lat' dir='ltr'>patriam</span> <span class='ocrx_word' id='word_1_111' title='bbox 1923 2134 2143 2199; x_wconf 90' lang='lat' dir='ltr'>redire</span> <span class='ocrx_word' id='word_1_112' title='bbox 2190 2134 2263 2198; x_wconf 94' lang='lat' dir='ltr'>in</span> <span class='ocrx_word' id='word_1_113' title='bbox 2303 2134 2529 2199; x_wconf 89' lang='lat' dir='ltr'>animo</span> <span class='ocrx_word' id='word_1_114' title='bbox 2576 2135 2787 2200; x_wconf 87' lang='lat' dir='ltr'>habu-</span> 
     </span>
     <span class='ocr_line' id='line_1_16' title="bbox 446 2240 2789 2329; baseline 0 -23"><span class='ocrx_word' id='word_1_115' title='bbox 446 2248 665 2325; x_wconf 88' lang='lat' dir='ltr'>erunt,</span> <span class='ocrx_word' id='word_1_116' title='bbox 736 2241 922 2307; x_wconf 83' lang='lat' dir='ltr'>facta</span> <span class='ocrx_word' id='word_1_117' title='bbox 991 2248 1127 2325; x_wconf 81' lang='lat' dir='ltr'>est3</span> <span class='ocrx_word' id='word_1_118' title='bbox 1191 2240 1463 2306; x_wconf 87' lang='lat' dir='ltr'>tametsi</span> <span class='ocrx_word' id='word_1_119' title='bbox 1529 2241 1677 2329; x_wconf 90' lang='lat' dir='ltr'>ipse</span> <span class='ocrx_word' id='word_1_120' title='bbox 1746 2241 1984 2307; x_wconf 85' lang='lat' dir='ltr'>titulus</span> <span class='ocrx_word' id='word_1_121' title='bbox 2051 2240 2356 2308; x_wconf 89' lang='lat' dir='ltr'>nondum</span> <span class='ocrx_word' id='word_1_122' title='bbox 2403 2263 2443 2305; x_wconf 90' lang='lat' dir='ltr'>a</span> <span class='ocrx_word' id='word_1_123' title='bbox 2487 2240 2789 2306; x_wconf 90' lang='lat' dir='ltr'>Diodoro</span> 
     </span>
     <span class='ocr_line' id='line_1_17' title="bbox 447 2344 2789 2438; baseline -0.001 -23"><span class='ocrx_word' id='word_1_124' title='bbox 447 2349 856 2438; x_wconf 89' lang='lat' dir='ltr'>appellatur,</span> <span class='ocrx_word' id='word_1_125' title='bbox 924 2348 1074 2436; x_wconf 90' lang='lat' dir='ltr'>ipsa</span> <span class='ocrx_word' id='word_1_126' title='bbox 1136 2347 1321 2413; x_wconf 89' lang='lat' dir='ltr'>facta</span> <span class='ocrx_word' id='word_1_127' title='bbox 1411 2344 1879 2414; x_wconf 85' lang='lat' dir='ltr'>demonstrant</span> <span class='ocrx_word' id='word_1_128' title='bbox 1945 2348 2351 2414; x_wconf 88' lang='lat' dir='ltr'>Peithonem</span> <span class='ocrx_word' id='word_1_129' title='bbox 2412 2346 2559 2432; x_wconf 85' lang='lat' dir='ltr'>jam</span> <span class='ocrx_word' id='word_1_130' title='bbox 2639 2354 2789 2412; x_wconf 90' lang='lat' dir='ltr'>tum</span> 
     </span>
     <span class='ocr_line' id='line_1_18' title="bbox 448 2454 2793 2543; baseline -0 -22"><span class='ocrx_word' id='word_1_131' title='bbox 448 2478 790 2521; x_wconf 89' lang='lat' dir='ltr'>summum</span> <span class='ocrx_word' id='word_1_132' title='bbox 858 2455 1063 2520; x_wconf 83' lang='lat' dir='ltr'>Asiae</span> <span class='ocrx_word' id='word_1_133' title='bbox 1129 2454 1554 2543; x_wconf 88' lang='lat' dir='ltr'>praefectum</span> <span class='ocrx_word' id='word_1_134' title='bbox 1621 2455 1829 2520; x_wconf 86' lang='lat' dir='ltr'>fuisse</span> <span class='ocrx_word' id='word_1_135' title='bbox 1876 2454 1949 2540; x_wconf 80' lang='lat'>2),</span> <span class='ocrx_word' id='word_1_136' title='bbox 2037 2476 2451 2541; x_wconf 88' lang='lat' dir='ltr'>quamquam</span> <span class='ocrx_word' id='word_1_137' title='bbox 2519 2456 2793 2520; x_wconf 80' lang='lat' dir='ltr'>videtur</span> 
     </span>
     <span class='ocr_line' id='line_1_19' title="bbox 445 2561 2790 2650; baseline 0 -23"><span class='ocrx_word' id='word_1_138' title='bbox 445 2563 765 2628; x_wconf 82' lang='lat' dir='ltr'>Peithoni</span> <span class='ocrx_word' id='word_1_139' title='bbox 810 2584 947 2628; x_wconf 91' lang='lat' dir='ltr'>non</span> <span class='ocrx_word' id='word_1_140' title='bbox 995 2563 1466 2628; x_wconf 88' lang='lat' dir='ltr'>attribuendus</span> <span class='ocrx_word' id='word_1_141' title='bbox 1530 2585 1675 2629; x_wconf 92' lang='lat' dir='ltr'>esse</span> <span class='ocrx_word' id='word_1_142' title='bbox 1721 2561 1961 2627; x_wconf 88' lang='lat' dir='ltr'>titulus</span> <span class='ocrx_word' id='word_1_143' title='bbox 2029 2561 2521 2650; x_wconf 63' lang='grc' dir='ltr'><em>ῃαύτοκροὶτωρ”,</em></span> <span class='ocrx_word' id='word_1_144' title='bbox 2568 2584 2790 2649; x_wconf 88' lang='lat' dir='ltr'>neque</span> 
     </span>
     <span class='ocr_line' id='line_1_20' title="bbox 448 2667 2788 2759; baseline -0.002 -22"><span class='ocrx_word' id='word_1_145' title='bbox 448 2671 511 2737; x_wconf 91' lang='lat' dir='ltr'>ei</span> <span class='ocrx_word' id='word_1_146' title='bbox 559 2669 771 2736; x_wconf 88' lang='lat' dir='ltr'>fuisse</span> <span class='ocrx_word' id='word_1_147' title='bbox 808 2668 922 2756; x_wconf 88' lang='lat' dir='ltr'>jus</span> <span class='ocrx_word' id='word_1_148' title='bbox 970 2670 1157 2758; x_wconf 85' lang='lat' dir='ltr'>pacis</span> <span class='ocrx_word' id='word_1_149' title='bbox 1220 2669 1536 2757; x_wconf 85' lang='lat' dir='ltr'>bellique,</span> <span class='ocrx_word' id='word_1_150' title='bbox 1598 2693 1822 2757; x_wconf 91' lang='lat' dir='ltr'>neque</span> <span class='ocrx_word' id='word_1_151' title='bbox 1865 2692 2026 2735; x_wconf 87' lang='lat' dir='ltr'>cura</span> <span class='ocrx_word' id='word_1_152' title='bbox 2076 2670 2408 2759; x_wconf 87' lang='lat' dir='ltr'>pecuniae</span> <span class='ocrx_word' id='word_1_153' title='bbox 2454 2667 2788 2758; x_wconf 89' lang='lat' dir='ltr'>publicae,</span> 
     </span>
     <span class='ocr_line' id='line_1_21' title="bbox 440 2776 2790 2866; baseline -0.002 -22"><span class='ocrx_word' id='word_1_154' title='bbox 440 2779 553 2865; x_wconf 87' lang='lat' dir='ltr'>jus</span> <span class='ocrx_word' id='word_1_155' title='bbox 620 2778 922 2843; x_wconf 83' lang='lat' dir='ltr'>habendi</span> <span class='ocrx_word' id='word_1_156' title='bbox 994 2776 1311 2861; x_wconf 86' lang='lat' dir='ltr'>delectus,</span> <span class='ocrx_word' id='word_1_157' title='bbox 1381 2779 1710 2844; x_wconf 87' lang='lat' dir='ltr'>evocandi</span> <span class='ocrx_word' id='word_1_158' title='bbox 1775 2784 2101 2866; x_wconf 87' lang='lat' dir='ltr'>satrapas,</span> <span class='ocrx_word' id='word_1_159' title='bbox 2151 2784 2277 2842; x_wconf 89' lang='lat' dir='ltr'>etc.</span> <span class='ocrx_word' id='word_1_160' title='bbox 2327 2777 2581 2862; x_wconf 87' lang='lat' dir='ltr'>alioqui</span> <span class='ocrx_word' id='word_1_161' title='bbox 2623 2776 2790 2841; x_wconf 88' lang='lat' dir='ltr'>haec</span> 
     </span>
     <span class='ocr_line' id='line_1_22' title="bbox 447 2884 2792 2970; baseline 0 -20"><span class='ocrx_word' id='word_1_162' title='bbox 447 2885 677 2951; x_wconf 90' lang='lat' dir='ltr'>omnia</span> <span class='ocrx_word' id='word_1_163' title='bbox 721 2884 880 2949; x_wconf 88' lang='lat' dir='ltr'>huic</span> <span class='ocrx_word' id='word_1_164' title='bbox 947 2884 1147 2950; x_wconf 88' lang='lat' dir='ltr'>titulo</span> <span class='ocrx_word' id='word_1_165' title='bbox 1218 2884 1581 2970; x_wconf 87' lang='lat' dir='ltr'>conjuncta</span> <span class='ocrx_word' id='word_1_166' title='bbox 1626 2885 1923 2952; x_wconf 89' lang='lat' dir='ltr'>fuerunt.</span> <span class='ocrx_word' id='word_1_167' title='bbox 2015 2884 2388 2970; x_wconf 86' lang='lat' dir='ltr'>Postquam</span> <span class='ocrx_word' id='word_1_168' title='bbox 2436 2907 2613 2950; x_wconf 91' lang='lat' dir='ltr'>anno</span> <span class='ocrx_word' id='word_1_169' title='bbox 2660 2884 2792 2950; x_wconf 81' lang='lat'>318</span> 
     </span>
     <span class='ocr_line' id='line_1_23' title="bbox 446 2991 2787 3080; baseline 0 -25"><span class='ocrx_word' id='word_1_170' title='bbox 446 2991 739 3057; x_wconf 89' lang='lat' dir='ltr'>Peithon</span> <span class='ocrx_word' id='word_1_171' title='bbox 786 2991 1082 3056; x_wconf 89' lang='lat' dir='ltr'>consiliis</span> <span class='ocrx_word' id='word_1_172' title='bbox 1132 2992 1271 3057; x_wconf 88' lang='lat' dir='ltr'>suis</span> <span class='ocrx_word' id='word_1_173' title='bbox 1317 2992 1518 3057; x_wconf 91' lang='lat' dir='ltr'>nimis</span> <span class='ocrx_word' id='word_1_174' title='bbox 1569 2992 1941 3058; x_wconf 82' lang='lat' dir='ltr'>ambitiosis</span> <span class='ocrx_word' id='word_1_175' title='bbox 2006 2991 2190 3080; x_wconf 90' lang='lat' dir='ltr'>apud</span> <span class='ocrx_word' id='word_1_176' title='bbox 2235 2991 2530 3078; x_wconf 90' lang='lat' dir='ltr'>reliquos</span> <span class='ocrx_word' id='word_1_177' title='bbox 2578 3000 2787 3058; x_wconf 84' lang='lat' dir='ltr'>satra-</span> 
     </span>
     <span class='ocr_line' id='line_1_24' title="bbox 446 3098 2782 3186; baseline 0 -24"><span class='ocrx_word' id='word_1_178' title='bbox 446 3120 570 3186; x_wconf 90' lang='lat' dir='ltr'>pas</span> <span class='ocrx_word' id='word_1_179' title='bbox 594 3099 667 3162; x_wconf 91' lang='lat' dir='ltr'>in</span> <span class='ocrx_word' id='word_1_180' title='bbox 692 3098 1144 3185; x_wconf 87' lang='lat' dir='ltr'>suspicionem</span> <span class='ocrx_word' id='word_1_181' title='bbox 1167 3098 1378 3181; x_wconf 86' lang='lat' dir='ltr'>venit,</span> <span class='ocrx_word' id='word_1_182' title='bbox 1404 3098 1750 3163; x_wconf 89' lang='lat' dir='ltr'>communi</span> <span class='ocrx_word' id='word_1_183' title='bbox 1771 3098 2054 3163; x_wconf 87' lang='lat' dir='ltr'>consilio</span> <span class='ocrx_word' id='word_1_184' title='bbox 2070 3098 2471 3163; x_wconf 89' lang='lat' dir='ltr'>Peucestam</span> <span class='ocrx_word' id='word_1_185' title='bbox 2486 3099 2782 3165; x_wconf 88' lang='lat' dir='ltr'>Persidis</span> 
     </span>
     <span class='ocr_line' id='line_1_25' title="bbox 446 3204 2123 3292; baseline -0.001 -21"><span class='ocrx_word' id='word_1_186' title='bbox 446 3211 767 3292; x_wconf 89' lang='lat' dir='ltr'>satrapen</span> <span class='ocrx_word' id='word_1_187' title='bbox 813 3226 1263 3271; x_wconf 83' lang='lat' dir='ltr'>successorem</span> <span class='ocrx_word' id='word_1_188' title='bbox 1312 3204 1456 3290; x_wconf 89' lang='lat' dir='ltr'>ejus</span> <span class='ocrx_word' id='word_1_189' title='bbox 1497 3204 2029 3271; x_wconf 83' lang='lat' dir='ltr'>nominaverunt</span> <span class='ocrx_word' id='word_1_190' title='bbox 2049 3204 2123 3290; x_wconf 82' lang='lat'>³).</span> 
     </span>
    </p>

    <p class='ocr_par' dir='ltr' id='par_1_4' title="bbox 441 3310 2792 4044">
     <span class='ocr_line' id='line_1_26' title="bbox 533 3310 2791 3400; baseline 0 -23"><span class='ocrx_word' id='word_1_191' title='bbox 533 3310 618 3377; x_wconf 86' lang='lat' dir='ltr'>In</span> <span class='ocrx_word' id='word_1_192' title='bbox 685 3319 879 3400; x_wconf 90' lang='lat' dir='ltr'>parte</span> <span class='ocrx_word' id='word_1_193' title='bbox 942 3313 1342 3378; x_wconf 89' lang='lat' dir='ltr'>occidentali</span> <span class='ocrx_word' id='word_1_194' title='bbox 1389 3312 1657 3400; x_wconf 91' lang='lat' dir='ltr'>imperii</span> <span class='ocrx_word' id='word_1_195' title='bbox 1718 3313 1811 3378; x_wconf 90' lang='lat' dir='ltr'>cis</span> <span class='ocrx_word' id='word_1_196' title='bbox 1855 3313 2255 3400; x_wconf 87' lang='lat' dir='ltr'>Euphraten</span> <span class='ocrx_word' id='word_1_197' title='bbox 2300 3312 2574 3396; x_wconf 87' lang='lat' dir='ltr'>flumen,</span> <span class='ocrx_word' id='word_1_198' title='bbox 2621 3312 2791 3378; x_wconf 91' lang='lat' dir='ltr'>tales</span> 
     </span>
     <span class='ocr_line' id='line_1_27' title="bbox 443 3418 2789 3508; baseline 0 -24"><span class='ocrx_word' id='word_1_199' title='bbox 443 3426 828 3508; x_wconf 88' lang='lat' dir='ltr'>praeturae,</span> <span class='ocrx_word' id='word_1_200' title='bbox 898 3442 1074 3506; x_wconf 89' lang='lat' dir='ltr'>quae</span> <span class='ocrx_word' id='word_1_201' title='bbox 1144 3420 1444 3485; x_wconf 87' lang='lat' dir='ltr'>diversas</span> <span class='ocrx_word' id='word_1_202' title='bbox 1513 3420 1900 3507; x_wconf 85' lang='lat' dir='ltr'>provincias</span> <span class='ocrx_word' id='word_1_203' title='bbox 1985 3419 2493 3508; x_wconf 88' lang='lat' dir='ltr'>amplectuntur</span> <span class='ocrx_word' id='word_1_204' title='bbox 2557 3418 2789 3508; x_wconf 89' lang='lat' dir='ltr'>paullo</span> 
     </span>
     <span class='ocr_line' id='line_1_28' title="bbox 443 3526 2789 3614; baseline -0 -22"><span class='ocrx_word' id='word_1_205' title='bbox 443 3526 744 3592; x_wconf 90' lang='lat' dir='ltr'>crebrius</span> <span class='ocrx_word' id='word_1_206' title='bbox 789 3526 984 3593; x_wconf 91' lang='lat' dir='ltr'>nobis</span> <span class='ocrx_word' id='word_1_207' title='bbox 1030 3527 1273 3592; x_wconf 82' lang='lat' dir='ltr'>obviae</span> <span class='ocrx_word' id='word_1_208' title='bbox 1321 3533 1497 3610; x_wconf 93' lang='lat' dir='ltr'>sunt,</span> <span class='ocrx_word' id='word_1_209' title='bbox 1546 3527 1881 3612; x_wconf 86' lang='lat' dir='ltr'>originem</span> <span class='ocrx_word' id='word_1_210' title='bbox 1928 3533 2157 3592; x_wconf 87' lang='lat' dir='ltr'>autem</span> <span class='ocrx_word' id='word_1_211' title='bbox 2180 3533 2507 3614; x_wconf 91' lang='lat' dir='ltr'>ceperunt</span> <span class='ocrx_word' id='word_1_212' title='bbox 2532 3550 2569 3592; x_wconf 98' lang='lat' dir='ltr'>e</span> <span class='ocrx_word' id='word_1_213' title='bbox 2592 3526 2789 3592; x_wconf 89' lang='lat' dir='ltr'>bellis</span> 
     </span>
     <span class='ocr_line' id='line_1_29' title="bbox 446 3633 2789 3722; baseline 0 -23"><span class='ocrx_word' id='word_1_214' title='bbox 446 3658 488 3699; x_wconf 90' lang='lat' dir='ltr'>a</span> <span class='ocrx_word' id='word_1_215' title='bbox 536 3655 797 3699; x_wconf 91' lang='lat' dir='ltr'>summo</span> <span class='ocrx_word' id='word_1_216' title='bbox 864 3635 1150 3721; x_wconf 89' lang='lat' dir='ltr'>imperio</span> <span class='ocrx_word' id='word_1_217' title='bbox 1216 3634 1553 3721; x_wconf 86' lang='lat' dir='ltr'>gerendis,</span> <span class='ocrx_word' id='word_1_218' title='bbox 1622 3634 1729 3698; x_wconf 87' lang='lat' dir='ltr'>his</span> <span class='ocrx_word' id='word_1_219' title='bbox 1776 3633 1940 3699; x_wconf 93' lang='lat' dir='ltr'>locis</span> <span class='ocrx_word' id='word_1_220' title='bbox 1981 3655 2213 3700; x_wconf 89' lang='lat' dir='ltr'>eorum</span> <span class='ocrx_word' id='word_1_221' title='bbox 2256 3642 2554 3722; x_wconf 88' lang='lat' dir='ltr'>potestas</span> <span class='ocrx_word' id='word_1_222' title='bbox 2601 3641 2789 3700; x_wconf 87' lang='lat' dir='ltr'>auto-</span> 
     </span>
     <span class='ocr_line' id='line_1_30' title="bbox 444 3740 2791 3829; baseline 0 -24"><span class='ocrx_word' id='word_1_223' title='bbox 444 3740 727 3806; x_wconf 86' lang='lat' dir='ltr'>cratoris</span> <span class='ocrx_word' id='word_1_224' title='bbox 795 3740 1012 3823; x_wconf 78' lang='lat' dir='ltr'>titulo,</span> <span class='ocrx_word' id='word_1_225' title='bbox 1085 3748 1154 3806; x_wconf 90' lang='lat' dir='ltr'>et</span> <span class='ocrx_word' id='word_1_226' title='bbox 1202 3741 1581 3829; x_wconf 86' lang='lat' dir='ltr'>privilegiis</span> <span class='ocrx_word' id='word_1_227' title='bbox 1628 3741 1787 3805; x_wconf 90' lang='lat' dir='ltr'>huic</span> <span class='ocrx_word' id='word_1_228' title='bbox 1855 3742 2055 3808; x_wconf 86' lang='lat' dir='ltr'>titulo</span> <span class='ocrx_word' id='word_1_229' title='bbox 2126 3742 2518 3828; x_wconf 78' lang='lat' dir='ltr'>conjunctiS,</span> <span class='ocrx_word' id='word_1_230' title='bbox 2591 3749 2791 3807; x_wconf 87' lang='lat' dir='ltr'>aucta</span> 
     </span>
     <span class='ocr_line' id='line_1_31' title="bbox 444 3847 2792 3935; baseline 0 -22"><span class='ocrx_word' id='word_1_231' title='bbox 444 3852 584 3929; x_wconf 84' lang='lat' dir='ltr'>est3</span> <span class='ocrx_word' id='word_1_232' title='bbox 633 3854 902 3935; x_wconf 88' lang='lat' dir='ltr'>praeter</span> <span class='ocrx_word' id='word_1_233' title='bbox 948 3869 1152 3935; x_wconf 89' lang='lat' dir='ltr'>supra</span> <span class='ocrx_word' id='word_1_234' title='bbox 1205 3855 1578 3913; x_wconf 90' lang='lat' dir='ltr'>memorata</span> <span class='ocrx_word' id='word_1_235' title='bbox 1640 3847 1851 3913; x_wconf 83' lang='lat' dir='ltr'>etiam</span> <span class='ocrx_word' id='word_1_236' title='bbox 1896 3848 2288 3914; x_wconf 88' lang='lat' dir='ltr'>addendum</span> <span class='ocrx_word' id='word_1_237' title='bbox 2334 3855 2436 3914; x_wconf 94' lang='lat' dir='ltr'>est</span> <span class='ocrx_word' id='word_1_238' title='bbox 2475 3849 2587 3934; x_wconf 86' lang='lat' dir='ltr'>jus</span> <span class='ocrx_word' id='word_1_239' title='bbox 2633 3870 2792 3914; x_wconf 92' lang='lat' dir='ltr'>con-</span> 
     </span>
     <span class='ocr_line' id='line_1_32' title="bbox 441 3952 2790 4044; baseline 0.001 -25"><span class='ocrx_word' id='word_1_240' title='bbox 441 3952 715 4019; x_wconf 84' lang='lat' dir='ltr'>ferendi</span> <span class='ocrx_word' id='word_1_241' title='bbox 780 3953 1057 4019; x_wconf 88' lang='lat' dir='ltr'>titulum</span> <span class='ocrx_word' id='word_1_242' title='bbox 1133 3957 1355 4041; x_wconf 60' lang='grc' dir='ltr'>ἲ,φίλος</span> <span class='ocrx_word' id='word_1_243' title='bbox 1412 3953 1805 4031; x_wconf 51' lang='grc' dir='ltr'>βασιλικός-ξ’</span> <span class='ocrx_word' id='word_1_244' title='bbox 1867 3976 2157 4042; x_wconf 89' lang='lat' dir='ltr'>cumque</span> <span class='ocrx_word' id='word_1_245' title='bbox 2226 3976 2305 4021; x_wconf 90' lang='lat' dir='ltr'>eo</span> <span class='ocrx_word' id='word_1_246' title='bbox 2365 3956 2566 4021; x_wconf 86' lang='lat' dir='ltr'>titulo</span> <span class='ocrx_word' id='word_1_247' title='bbox 2633 3978 2790 4044; x_wconf 90' lang='lat' dir='ltr'>pur·</span> 
     </span>
    </p>
   </div>
   <div class='ocr_carea' id='block_1_3' title="bbox 445 4125 870 4134">
    <p class='ocr_par' dir='ltr' id='par_1_5' title="bbox 445 4125 870 4134">
     <span class='ocr_line' id='line_1_33' title="bbox 445 4125 870 4134; baseline 0 1216"><span class='ocrx_word' id='word_1_248' title='bbox 445 4125 870 4134; x_wconf 95' lang='lat' dir='ltr'> </span> 
     </span>
    </p>
   </div>
   <div class='ocr_carea' id='block_1_4' title="bbox 437 4226 2783 4381">
    <p class='ocr_par' dir='ltr' id='par_1_6' title="bbox 437 4226 2783 4381">
     <span class='ocr_line' id='line_1_34' title="bbox 497 4226 2783 4296; baseline -0.001 -14"><span class='ocrx_word' id='word_1_249' title='bbox 497 4229 546 4296; x_wconf 79' lang='grc'>1)</span> <span class='ocrx_word' id='word_1_250' title='bbox 583 4228 737 4283; x_wconf 88' lang='lat' dir='ltr'>Diod.</span> <span class='ocrx_word' id='word_1_251' title='bbox 777 4229 860 4282; x_wconf 88' lang='grc'>19.</span> <span class='ocrx_word' id='word_1_252' title='bbox 901 4229 984 4282; x_wconf 86' lang='grc'>14.</span> <span class='ocrx_word' id='word_1_253' title='bbox 1024 4229 1070 4282; x_wconf 92' lang='grc'>1.</span> <span class='ocrx_word' id='word_1_254' title='bbox 1109 4227 1367 4290; x_wconf 71' lang='grc' dir='ltr'><strong><em>σατράπης</em></strong></span> <span class='ocrx_word' id='word_1_255' title='bbox 1403 4226 1608 4291; x_wconf 76' lang='grc' dir='ltr'>Μηδίας,</span> <span class='ocrx_word' id='word_1_256' title='bbox 1648 4229 1932 4291; x_wconf 76' lang='grc' dir='ltr'><strong><em>στρατηγὸς</em></strong></span> <span class='ocrx_word' id='word_1_257' title='bbox 1970 4226 2021 4278; x_wconf 69' lang='grc' dir='ltr'>δὲ</span> <span class='ocrx_word' id='word_1_258' title='bbox 2058 4233 2154 4277; x_wconf 75' lang='grc' dir='ltr'>τῶν</span> <span class='ocrx_word' id='word_1_259' title='bbox 2192 4226 2289 4277; x_wconf 63' lang='grc' dir='ltr'>ἅνω</span> <span class='ocrx_word' id='word_1_260' title='bbox 2327 4234 2632 4292; x_wconf 73' lang='grc' dir='ltr'><strong><em>σατραπειῶν</em></strong></span> <span class='ocrx_word' id='word_1_261' title='bbox 2652 4230 2783 4280; x_wconf 71' lang='grc' dir='ltr'><strong><em>ἀπα·</em></strong></span> 
     </span>
     <span class='ocr_line' id='line_1_35' title="bbox 437 4320 841 4381; baseline -0.01 -12"><span class='ocrx_word' id='word_1_262' title='bbox 437 4324 539 4369; x_wconf 70' lang='grc' dir='ltr'>σῶν</span> <span class='ocrx_word' id='word_1_263' title='bbox 573 4320 841 4381; x_wconf 78' lang='grc' dir='ltr'><strong><em>γενόμενος.</em></strong></span> 
     </span>
    </p>
   </div>
   <div class='ocr_carea' id='block_1_5' title="bbox 496 4406 1079 4565">
    <p class='ocr_par' dir='ltr' id='par_1_7' title="bbox 496 4406 1079 4565">
     <span class='ocr_line' id='line_1_36' title="bbox 496 4406 1050 4472; baseline 0.005 -15"><span class='ocrx_word' id='word_1_264' title='bbox 496 4407 546 4472; x_wconf 87' lang='lat'>2)</span> <span class='ocrx_word' id='word_1_265' title='bbox 584 4406 742 4460; x_wconf 77' lang='lat' dir='ltr'>Diod.</span> <span class='ocrx_word' id='word_1_266' title='bbox 785 4406 867 4459; x_wconf 87' lang='lat'>18.</span> <span class='ocrx_word' id='word_1_267' title='bbox 908 4407 956 4460; x_wconf 84' lang='lat'>7.</span> <span class='ocrx_word' id='word_1_268' title='bbox 1002 4407 1050 4460; x_wconf 86' lang='lat'>3.</span> 
     </span>
     <span class='ocr_line' id='line_1_37' title="bbox 499 4494 1079 4565; baseline -0.007 -16"><span class='ocrx_word' id='word_1_269' title='bbox 499 4495 547 4565; x_wconf 81' lang='grc'>3)</span> <span class='ocrx_word' id='word_1_270' title='bbox 589 4495 744 4549; x_wconf 85' lang='lat' dir='ltr'>Diod.</span> <span class='ocrx_word' id='word_1_271' title='bbox 785 4494 868 4548; x_wconf 87' lang='lat'>19.</span> <span class='ocrx_word' id='word_1_272' title='bbox 909 4495 992 4548; x_wconf 88' lang='lat'>14.</span> <span class='ocrx_word' id='word_1_273' title='bbox 1030 4495 1079 4546; x_wconf 89' lang='lat'>4.</span> 
     </span>
    </p>
   </div>
  </div>
 </body>
</html>
