3338 5350
1678 516 1805 583 176

573 716 853 801 gebant,
901 714 1029 779 nisi
1075 715 1200 779 sub
1243 713 1451 780 finem
1487 714 1683 799 regni
1708 702 2038 800 Antigoni
2077 714 2396 779 Dosontis
2423 713 2494 798 ¹),
2543 715 2661 801 qui
2681 720 2915 780 tamen

572 822 773 887 facile
820 820 1141 886 barbaros
1187 821 1508 886 finitimos
1554 820 1874 886 cohibuit.

661 927 920 993 Iterum
967 929 1181 993 oritur
1225 928 1531 1013 quaestio
1579 929 1857 1013 quinam
1924 928 2030 993 his
2074 927 2236 993 locis
2281 928 2551 993 termini
2597 928 2910 993 Macedo-

573 1035 710 1099 nici
756 1033 1031 1119 fuerint,
1091 1041 1162 1099 et
1207 1035 1455 1100 iterum
1500 1033 1685 1100 bella
1730 1057 1771 1099 a
1815 1035 2140 1122 Philippo
2184 1035 2246 1100 V
2291 1041 2485 1119 gesta
2529 1034 2913 1123 paullulum

572 1141 743 1207 lucis
787 1141 878 1205 ad
921 1141 1101 1206 hanc
1146 1140 1500 1207 obscuram
1543 1163 1689 1207 rem
1737 1140 2029 1206 allatura
2074 1148 2250 1206 sunt.

661 1248 1003 1337 Imprimis
1074 1247 1327 1313 bellum
1393 1255 1662 1333 gestum
1732 1260 1819 1313 a0.
1866 1249 1998 1313 217
2067 1269 2222 1313 cum
2290 1245 2731 1331 Scerdilaida,
2794 1250 2915 1335 qui

573 1354 879 1443 Philippi
924 1356 1139 1421 socius
1184 1354 1320 1419 fuit
1362 1356 1432 1420 in
1478 1355 1658 1420 bello
1704 1355 2034 1421 sociorum
2063 1356 2136 1441 ²).
2231 1355 2683 1421 Scerdilaidas
2729 1357 2913 1421 enim

572 1464 1010 1550 impressione
1057 1461 1243 1527 facta
1286 1461 1374 1526 in,
1407 1483 1602 1548 agros
1647 1463 2139 1546 MacedonicOS,
2195 1470 2589 1528 vastaverat
2626 1462 2912 1548 Pelago-

572 1570 728 1633 niae
795 1569 1122 1659 oppidum
1168 1569 1539 1652 Pissaeum,
1608 1568 2041 1654 Dassaretiae
2086 1576 2314 1634 autem
2362 1569 2448 1634 ad
2496 1591 2568 1634 se
2612 1577 2911 1635 traxerat

572 1663 1057 1764 Antipatriam,
1116 1675 1725 1761 Chrysondyonem
1771 1681 1838 1741 et
1883 1676 2309 1760 Gertuntem,
2373 1676 2553 1761 agris
2598 1676 2911 1742 Macedo-

574 1784 743 1848 nicis
811 1782 884 1848 in
952 1782 1058 1847 his
1147 1781 1536 1866 regionibus
1622 1783 1926 1848 vastatis.
2021 1783 2472 1851 Scerdilaidas
2559 1783 2770 1870 igitur
2836 1792 2916 1849 ut

575 1895 862 1979 apparet
949 1890 1458 1976 impressionem
1546 1888 1717 1955 fecit
1803 1892 1876 1955 in
1963 1897 2225 1979 partem
2319 1891 2915 1979 septentrionalem

573 1998 1047 2078 Macedoniae;
1118 1996 1308 2061 nullo
1369 1998 1570 2062 modo
1642 1998 1825 2063 enim
1868 1999 1997 2063 hoc
2042 1997 2189 2064 loco
2236 2020 2455 2065 sermo
2502 2021 2645 2065 esse
2687 2005 2916 2086 potest

573 2105 659 2169 de
704 2104 1099 2191 Antipatria
1145 2104 1230 2169 ad
1276 2104 1560 2191 Apsum,
1625 2106 1745 2170 sed
1809 2107 2258 2193 spectandum
2301 2110 2405 2174 est
2450 2107 2536 2171 ad
2583 2106 2915 2194 oppidum

573 2210 875 2296 ejusdem
943 2211 1233 2276 nominis
1299 2211 1371 2274 in
1443 2211 1794 2298 Pyrenaeo
1864 2219 2092 2278 monte
2163 2212 2273 2295 (cf.
2320 2235 2477 2300 pag.
2526 2215 2657 2295 60).
2724 2213 2914 2292 Quae

573 2316 829 2405 oppida
916 2325 1148 2383 tamen
1215 2317 1573 2405 Philippus
1639 2341 1869 2384 rursus
1938 2321 2010 2384 in
2079 2342 2271 2385 suam
2337 2326 2743 2407 potestatem
2810 2341 2916 2384 re-

571 2424 780 2511 degit,
825 2425 1103 2512 insuper
1171 2426 1590 2511 expugnavit
1655 2424 1857 2491 urbes
1923 2426 2351 2494 Dassaretiae
2417 2426 2778 2492 Creonium
2843 2431 2914 2491 et

576 2531 1016 2615 Gertuntem3
1086 2532 1161 2596 in
1204 2532 1592 2617 regionibus
1641 2533 1725 2597 ad
1781 2532 2007 2598 lacum
2051 2533 2532 2619 Lychnitidem
2578 2533 2912 2598 Enchela-

574 2660 718 2723 1163,
790 2637 1127 2723 Ceracem,
1197 2639 1449 2723 Boeos;
1521 2639 1595 2704 in
1658 2641 1838 2728 agris
1909 2637 2439 2707 Caloecinorum'
2478 2640 2800 2707 Bantiam
2845 2645 2917 2707 et

578 2744 948 2833 Orgyssum
993 2747 1412 2833 (Orgessum)
1457 2747 1980 2813 Pisantinorum.
2073 2749 2181 2813 Ex
2225 2749 2461 2814 ordine
2508 2749 2916 2836 oppidorum

573 2875 711 2939 quo
758 2877 800 2919 a
842 2854 1132 2941 Polybio
1199 2862 1814 2921 commemorantur
1866 2862 2151 2944 apparet
2194 2854 2592 2943 Philippum
2640 2856 2914 2943 expedi-

575 2962 832 3027 tionem
877 2961 1114 3027 fecisse
1159 2962 1320 3027 inde
1366 2985 1406 3028 a
1453 2962 1846 3048 Pelagonia,
1893 2969 2165 3050 praeter
2185 2962 2409 3027 lacum
2432 2962 2915 3049 Dychnitidem

575 3068 929 3134 Meridiem
975 3091 1231 3152 versuS,
1268 3091 1482 3155 usque
1528 3070 1619 3134 ad
1665 3067 2178 3135 Caloecinorum
2224 3091 2439 3156 agros,
2487 3070 2605 3135 ubi
2628 3067 2915 3134 Bantias

576 3175 900 3264 oppidum
952 3176 1157 3241 situm
1205 3183 1306 3241 est
1352 3199 1393 3242 6
1438 3177 1723 3243 meridie
1770 3175 1947 3241 Pelii
1974 3173 2052 3261 3).
2096 3177 2333 3264 Ipsum
2378 3176 2645 3243 Pelium
2685 3181 2915 3240 autem

577 3284 707 3347 hac
765 3283 839 3347 in
885 3284 1312 3371 expeditione
1379 3306 1516 3349 non
1560 3290 1994 3367 memoratur,
2059 3282 2364 3371 profecto
2423 3283 2609 3369 quod
2648 3283 2796 3368 jam
2840 3283 2915 3346 in

576 3389 1028 3455 Macedonum
1094 3391 1407 3456 manibus
1469 3390 1626 3474 fuit,
1688 3390 1941 3477 alioqui
1987 3397 2172 3456 certo
2211 3389 2358 3476 jam
2406 3410 2588 3455 nunc
2637 3395 2916 3475 captum

578 3504 648 3560 et
694 3518 735 3560 a
778 3496 1066 3583 Polybio
1135 3503 1732 3564 commemoratum
1779 3503 1969 3564 esset.
2061 3497 2328 3583 Ecquid
2398 3496 2579 3563 aliud
2627 3495 2755 3560 hac
2801 3516 2908 3560 ex·

578 3604 925 3692 peditione
970 3603 1329 3692 Philippus
1399 3604 1528 3670 sibi
1572 3605 1996 3692 propositum
2042 3603 2302 3687 habuit,
2375 3625 2579 3689 quam
2623 3608 2701 3667 ut
2743 3602 2916 3667 fines

580 3733 732 3777 suos
802 3712 889 3776 ad
958 3732 1268 3776 occasum
1335 3712 1490 3777 solis
1534 3711 1857 3796 firmaret,
1922 3733 2346 3798 regnumque
2393 3733 2588 3776 suum
2636 3715 2919 3796 augeret

581 3817 896 3883 addendo
963 3818 1272 3902 regiones
1321 3819 1406 3883 ad
1455 3817 1680 3884 lacum
1724 3817 2210 3905 Lychnitidem
2258 3824 2326 3884 et
2369 3819 2441 3882 in
2486 3815 2918 3884 Dassaretiae

578 3931 774 4012 parte
864 3923 1290 3989 meridionali
1379 3924 1583 3989 sitas?
1672 3923 1853 3989 Nam
1941 3923 2410 4011 Ant-ipatriam
2491 3923 2691 3988 simul
2759 3944 2919 3988 cum

579 4029 1146 4118 Chrysondyonte
1191 4037 1260 4096 et
1306 4031 1639 4096 Gertunte
1683 4030 2045 4119 Philippus
2092 4030 2494 4114 ἀνεκτήσατο,
2519 4032 2686 4096 11666
2706 4030 2919 4116 igitur

630 4301 681 4367 1)
717 4301 908 4373 Polyb.
948 4302 997 4355 2.
1036 4301 1121 4355 70.
1160 4302 1208 4354 1.

631 4390 680 4450 2)
717 4392 909 4462 Polyb.
947 4392 996 4445 5.
1032 4390 1157 4459 108;
1195 4390 1245 4443 4.
1286 4388 1369 4440 29.
1408 4387 1475 4452 23
1514 4387 1563 4440 5.
1602 4388 1688 4442 95.
1732 4389 1778 4441 1.

632 4478 677 4547 3)
717 4480 991 4534 Demitsas
1028 4481 1077 4532 2.
1115 4478 1236 4531 638.
