<?xml version="1.0" encoding="UTF-8"?>
<!DOCTYPE html PUBLIC "-//W3C//DTD XHTML 1.0 Transitional//EN"
    "http://www.w3.org/TR/xhtml1/DTD/xhtml1-transitional.dtd">
<html xmlns="http://www.w3.org/1999/xhtml" xml:lang="en" lang="en">
 <head>
  <title>
</title>
<meta http-equiv="Content-Type" content="text/html;charset=utf-8" />
  <meta name='ocr-system' content='tesseract 3.04.00' />
  <meta name='ocr-capabilities' content='ocr_page ocr_carea ocr_par ocr_line ocrx_word'/>
</head>
<body>
  <div class='ocr_page' id='page_1' title='image "./definibusregnim01breegoog_0037.png"; bbox 0 0 3338 5350; ppageno 0'>
   <div class='ocr_carea' id='block_1_1' title="bbox 1583 517 1624 581">
    <p class='ocr_par' dir='ltr' id='par_1_1' title="bbox 1583 517 1624 581">
     <span class='ocr_line' id='line_1_1' title="bbox 1583 517 1624 581; baseline 0 0"><span class='ocrx_word' id='word_1_1' title='bbox 1583 517 1624 581; x_wconf 87' lang='grc'>9</span> 
     </span>
    </p>
   </div>
   <div class='ocr_carea' id='block_1_2' title="bbox 416 711 2771 3903">
    <p class='ocr_par' dir='ltr' id='par_1_2' title="bbox 430 711 2771 1013">
     <span class='ocr_line' id='line_1_2' title="bbox 430 711 2771 800; baseline 0 -23"><span class='ocrx_word' id='word_1_2' title='bbox 430 714 578 780; x_wconf 91' lang='lat' dir='ltr'>loco</span> <span class='ocrx_word' id='word_1_3' title='bbox 623 712 936 778; x_wconf 88' lang='lat' dir='ltr'>Isocratis</span> <span class='ocrx_word' id='word_1_4' title='bbox 982 713 1188 778; x_wconf 89' lang='lat' dir='ltr'>citato</span> <span class='ocrx_word' id='word_1_5' title='bbox 1235 712 1320 776; x_wconf 90' lang='lat' dir='ltr'>ad</span> <span class='ocrx_word' id='word_1_6' title='bbox 1369 733 1621 777; x_wconf 89' lang='lat' dir='ltr'>annum</span> <span class='ocrx_word' id='word_1_7' title='bbox 1662 712 1793 777; x_wconf 85' lang='lat'>346</span> <span class='ocrx_word' id='word_1_8' title='bbox 1831 711 2236 800; x_wconf 81' lang='lat' dir='ltr'>pertinente,</span> <span class='ocrx_word' id='word_1_9' title='bbox 2285 734 2436 777; x_wconf 93' lang='lat' dir='ltr'>cum</span> <span class='ocrx_word' id='word_1_10' title='bbox 2461 715 2771 800; x_wconf 73' lang='lat' dir='ltr'>sequenti</span> 
     </span>
     <span class='ocr_line' id='line_1_3' title="bbox 433 818 2770 907; baseline -0 -21"><span class='ocrx_word' id='word_1_11' title='bbox 433 843 610 886; x_wconf 87' lang='lat' dir='ltr'>anno</span> <span class='ocrx_word' id='word_1_12' title='bbox 656 819 1014 907; x_wconf 71' lang='lat' dir='ltr'>Philippus</span> <span class='ocrx_word' id='word_1_13' title='bbox 1052 825 1288 905; x_wconf 90' lang='lat' dir='ltr'>gentes</span> <span class='ocrx_word' id='word_1_14' title='bbox 1333 819 1807 886; x_wconf 89' lang='lat' dir='ltr'>meridionales</span> <span class='ocrx_word' id='word_1_15' title='bbox 1851 818 2130 905; x_wconf 75' lang='lat' dir='ltr'>Illyriae</span> <span class='ocrx_word' id='word_1_16' title='bbox 2170 821 2254 885; x_wconf 90' lang='lat' dir='ltr'>ad</span> <span class='ocrx_word' id='word_1_17' title='bbox 2305 842 2487 885; x_wconf 90' lang='lat' dir='ltr'>mare</span> <span class='ocrx_word' id='word_1_18' title='bbox 2527 820 2770 886; x_wconf 90' lang='lat' dir='ltr'>Hadri·</span> 
     </span>
     <span class='ocr_line' id='line_1_4' title="bbox 430 925 2322 1013; baseline 0 -22"><span class='ocrx_word' id='word_1_19' title='bbox 430 928 684 991; x_wconf 88' lang='lat' dir='ltr'>aticum</span> <span class='ocrx_word' id='word_1_20' title='bbox 727 948 941 1011; x_wconf 87' lang='lat' dir='ltr'>usque</span> <span class='ocrx_word' id='word_1_21' title='bbox 989 946 1171 991; x_wconf 85' lang='lat' dir='ltr'>nova</span> <span class='ocrx_word' id='word_1_22' title='bbox 1217 925 1654 1013; x_wconf 77' lang='lat' dir='ltr'>expeditione</span> <span class='ocrx_word' id='word_1_23' title='bbox 1701 926 1829 991; x_wconf 88' lang='lat' dir='ltr'>sibi</span> <span class='ocrx_word' id='word_1_24' title='bbox 1868 925 2229 1011; x_wconf 81' lang='lat' dir='ltr'>subjecerit</span> <span class='ocrx_word' id='word_1_25' title='bbox 2258 926 2322 1006; x_wconf 77' lang='grc'>1).</span> 
     </span>
    </p>

    <p class='ocr_par' dir='ltr' id='par_1_3' title="bbox 425 1031 2768 1550">
     <span class='ocr_line' id='line_1_5' title="bbox 520 1031 2768 1121; baseline 0.001 -24"><span class='ocrx_word' id='word_1_26' title='bbox 520 1033 706 1112; x_wconf 79' lang='lat' dir='ltr'>Quae</span> <span class='ocrx_word' id='word_1_27' title='bbox 752 1053 906 1097; x_wconf 92' lang='lat' dir='ltr'>cum</span> <span class='ocrx_word' id='word_1_28' title='bbox 973 1033 1072 1096; x_wconf 89' lang='lat' dir='ltr'>ita</span> <span class='ocrx_word' id='word_1_29' title='bbox 1118 1032 1272 1114; x_wconf 86' lang='lat' dir='ltr'>sint,</span> <span class='ocrx_word' id='word_1_30' title='bbox 1343 1031 1548 1098; x_wconf 87' lang='lat' dir='ltr'>facile</span> <span class='ocrx_word' id='word_1_31' title='bbox 1605 1033 1933 1120; x_wconf 89' lang='lat' dir='ltr'>suspicari</span> <span class='ocrx_word' id='word_1_32' title='bbox 1996 1032 2158 1097; x_wconf 92' lang='lat' dir='ltr'>licet</span> <span class='ocrx_word' id='word_1_33' title='bbox 2205 1033 2584 1099; x_wconf 83' lang='lat' dir='ltr'>Orestidem</span> <span class='ocrx_word' id='word_1_34' title='bbox 2623 1034 2768 1121; x_wconf 84' lang='lat' dir='ltr'>jam</span> 
     </span>
     <span class='ocr_line' id='line_1_6' title="bbox 429 1139 2768 1228; baseline 0 -22"><span class='ocrx_word' id='word_1_35' title='bbox 429 1147 649 1223; x_wconf 85' lang='lat' dir='ltr'>antea,</span> <span class='ocrx_word' id='word_1_36' title='bbox 696 1140 903 1226; x_wconf 90' lang='lat' dir='ltr'>idque</span> <span class='ocrx_word' id='word_1_37' title='bbox 951 1160 1129 1204; x_wconf 91' lang='lat' dir='ltr'>anno</span> <span class='ocrx_word' id='word_1_38' title='bbox 1174 1139 1307 1204; x_wconf 84' lang='lat'>358</span> <span class='ocrx_word' id='word_1_39' title='bbox 1353 1139 1728 1226; x_wconf 87' lang='lat' dir='ltr'>subjectam</span> <span class='ocrx_word' id='word_1_40' title='bbox 1774 1161 1937 1222; x_wconf 85' lang='lat' dir='ltr'>esse,</span> <span class='ocrx_word' id='word_1_41' title='bbox 1976 1162 2132 1204; x_wconf 91' lang='lat' dir='ltr'>cum</span> <span class='ocrx_word' id='word_1_42' title='bbox 2172 1139 2554 1228; x_wconf 88' lang='lat' dir='ltr'>Philippus,</span> <span class='ocrx_word' id='word_1_43' title='bbox 2583 1147 2768 1206; x_wconf 84' lang='lat' dir='ltr'>ante-</span> 
     </span>
     <span class='ocr_line' id='line_1_7' title="bbox 428 1246 2768 1334; baseline 0.001 -23"><span class='ocrx_word' id='word_1_44' title='bbox 428 1269 634 1333; x_wconf 86' lang='lat' dir='ltr'><strong>quam</strong></span> <span class='ocrx_word' id='word_1_45' title='bbox 677 1253 914 1333; x_wconf 88' lang='lat' dir='ltr'>gentes</span> <span class='ocrx_word' id='word_1_46' title='bbox 973 1246 1444 1311; x_wconf 82' lang='lat' dir='ltr'>remotioribus</span> <span class='ocrx_word' id='word_1_47' title='bbox 1499 1248 1572 1312; x_wconf 91' lang='lat' dir='ltr'>in</span> <span class='ocrx_word' id='word_1_48' title='bbox 1621 1246 1786 1312; x_wconf 90' lang='lat' dir='ltr'>locis</span> <span class='ocrx_word' id='word_1_49' title='bbox 1834 1247 2024 1311; x_wconf 90' lang='lat' dir='ltr'>sedes</span> <span class='ocrx_word' id='word_1_50' title='bbox 2068 1247 2396 1312; x_wconf 82' lang='lat' dir='ltr'>habentes</span> <span class='ocrx_word' id='word_1_51' title='bbox 2445 1249 2768 1334; x_wconf 88' lang='lat' dir='ltr'>aggrede-</span> 
     </span>
     <span class='ocr_line' id='line_1_8' title="bbox 425 1352 2764 1441; baseline 0 -21"><span class='ocrx_word' id='word_1_52' title='bbox 425 1361 631 1438; x_wconf 84' lang='lat' dir='ltr'>retur,</span> <span class='ocrx_word' id='word_1_53' title='bbox 678 1353 1053 1419; x_wconf 89' lang='lat' dir='ltr'>necessario</span> <span class='ocrx_word' id='word_1_54' title='bbox 1121 1352 1445 1419; x_wconf 87' lang='lat' dir='ltr'>finitimos</span> <span class='ocrx_word' id='word_1_55' title='bbox 1515 1353 1639 1419; x_wconf 85' lang='lat' dir='ltr'>sub</span> <span class='ocrx_word' id='word_1_56' title='bbox 1697 1376 1890 1418; x_wconf 87' lang='lat' dir='ltr'>suam</span> <span class='ocrx_word' id='word_1_57' title='bbox 1951 1359 2361 1441; x_wconf 88' lang='lat' dir='ltr'>potestatem</span> <span class='ocrx_word' id='word_1_58' title='bbox 2407 1355 2764 1441; x_wconf 81' lang='lat' dir='ltr'>redegerit,</span> 
     </span>
     <span class='ocr_line' id='line_1_9' title="bbox 430 1460 2543 1550; baseline -0.001 -23"><span class='ocrx_word' id='word_1_59' title='bbox 430 1463 612 1550; x_wconf 87' lang='lat' dir='ltr'>quod</span> <span class='ocrx_word' id='word_1_60' title='bbox 657 1460 847 1527; x_wconf 93' lang='lat' dir='ltr'>nulla</span> <span class='ocrx_word' id='word_1_61' title='bbox 894 1460 1028 1525; x_wconf 90' lang='lat' dir='ltr'>alia</span> <span class='ocrx_word' id='word_1_62' title='bbox 1070 1460 1501 1548; x_wconf 86' lang='lat' dir='ltr'>expeditione</span> <span class='ocrx_word' id='word_1_63' title='bbox 1549 1461 1698 1526; x_wconf 87' lang='lat' dir='ltr'>fieri</span> <span class='ocrx_word' id='word_1_64' title='bbox 1741 1461 1968 1549; x_wconf 93' lang='lat' dir='ltr'>potuit</span> <span class='ocrx_word' id='word_1_65' title='bbox 2011 1460 2143 1525; x_wconf 89' lang='lat' dir='ltr'>nisi</span> <span class='ocrx_word' id='word_1_66' title='bbox 2185 1462 2345 1526; x_wconf 91' lang='lat' dir='ltr'>anni</span> <span class='ocrx_word' id='word_1_67' title='bbox 2391 1460 2543 1526; x_wconf 83' lang='lat'>358.</span> 
     </span>
    </p>

    <p class='ocr_par' dir='ltr' id='par_1_4' title="bbox 425 1567 2768 2727">
     <span class='ocr_line' id='line_1_10' title="bbox 515 1567 2764 1655; baseline -0 -22"><span class='ocrx_word' id='word_1_68' title='bbox 515 1568 676 1635; x_wconf 89' lang='lat' dir='ltr'>Alia</span> <span class='ocrx_word' id='word_1_69' title='bbox 721 1590 826 1633; x_wconf 86' lang='lat' dir='ltr'>res</span> <span class='ocrx_word' id='word_1_70' title='bbox 874 1589 1140 1653; x_wconf 89' lang='lat' dir='ltr'>quoque</span> <span class='ocrx_word' id='word_1_71' title='bbox 1185 1568 1345 1633; x_wconf 91' lang='lat' dir='ltr'>inde</span> <span class='ocrx_word' id='word_1_72' title='bbox 1393 1568 1714 1654; x_wconf 85' lang='lat' dir='ltr'>sequitur.</span> <span class='ocrx_word' id='word_1_73' title='bbox 1788 1567 1885 1634; x_wconf 90' lang='lat' dir='ltr'>Ut</span> <span class='ocrx_word' id='word_1_74' title='bbox 1928 1567 2002 1632; x_wconf 90' lang='lat' dir='ltr'>in</span> <span class='ocrx_word' id='word_1_75' title='bbox 2045 1567 2456 1655; x_wconf 87' lang='lat' dir='ltr'>Lyncestide</span> <span class='ocrx_word' id='word_1_76' title='bbox 2504 1567 2764 1655; x_wconf 91' lang='lat' dir='ltr'>Philip-</span> 
     </span>
     <span class='ocr_line' id='line_1_11' title="bbox 426 1674 2768 1764; baseline -0.001 -23"><span class='ocrx_word' id='word_1_77' title='bbox 426 1699 554 1764; x_wconf 85' lang='lat' dir='ltr'>pus</span> <span class='ocrx_word' id='word_1_78' title='bbox 598 1674 1001 1740; x_wconf 76' lang='lat' dir='ltr'>Heracleam</span> <span class='ocrx_word' id='word_1_79' title='bbox 1047 1675 1370 1758; x_wconf 80' lang='lat' dir='ltr'>condidit,</span> <span class='ocrx_word' id='word_1_80' title='bbox 1404 1675 1503 1741; x_wconf 87' lang='lat' dir='ltr'>ita</span> <span class='ocrx_word' id='word_1_81' title='bbox 1547 1676 1621 1740; x_wconf 91' lang='lat' dir='ltr'>in</span> <span class='ocrx_word' id='word_1_82' title='bbox 1658 1674 1946 1740; x_wconf 89' lang='lat' dir='ltr'>Meridie</span> <span class='ocrx_word' id='word_1_83' title='bbox 1984 1696 2251 1761; x_wconf 89' lang='lat' dir='ltr'>quoque</span> <span class='ocrx_word' id='word_1_84' title='bbox 2298 1676 2768 1741; x_wconf 90' lang='lat' dir='ltr'>auctoritatem</span> 
     </span>
     <span class='ocr_line' id='line_1_12' title="bbox 429 1781 2763 1868; baseline -0.001 -20"><span class='ocrx_word' id='word_1_85' title='bbox 429 1804 618 1849; x_wconf 91' lang='lat' dir='ltr'>suam</span> <span class='ocrx_word' id='word_1_86' title='bbox 664 1782 1037 1846; x_wconf 87' lang='lat' dir='ltr'>firmaverit</span> <span class='ocrx_word' id='word_1_87' title='bbox 1096 1803 1365 1847; x_wconf 88' lang='lat' dir='ltr'>necesse</span> <span class='ocrx_word' id='word_1_88' title='bbox 1414 1787 1534 1865; x_wconf 90' lang='lat' dir='ltr'>est,</span> <span class='ocrx_word' id='word_1_89' title='bbox 1581 1781 1968 1846; x_wconf 85' lang='lat' dir='ltr'>muniendis</span> <span class='ocrx_word' id='word_1_90' title='bbox 2020 1781 2289 1868; x_wconf 88' lang='lat' dir='ltr'>oppidis</span> <span class='ocrx_word' id='word_1_91' title='bbox 2339 1787 2407 1845; x_wconf 90' lang='lat' dir='ltr'>et</span> <span class='ocrx_word' id='word_1_92' title='bbox 2450 1781 2763 1846; x_wconf 76' lang='lat' dir='ltr'>castellis,</span> 
     </span>
     <span class='ocr_line' id='line_1_13' title="bbox 427 1887 2767 1976; baseline -0 -22"><span class='ocrx_word' id='word_1_93' title='bbox 427 1890 659 1955; x_wconf 89' lang='lat' dir='ltr'>Etiam</span> <span class='ocrx_word' id='word_1_94' title='bbox 703 1888 1029 1975; x_wconf 87' lang='lat' dir='ltr'>suspicari</span> <span class='ocrx_word' id='word_1_95' title='bbox 1095 1887 1256 1953; x_wconf 90' lang='lat' dir='ltr'>licet</span> <span class='ocrx_word' id='word_1_96' title='bbox 1301 1887 1700 1976; x_wconf 88' lang='lat' dir='ltr'>Philippum</span> <span class='ocrx_word' id='word_1_97' title='bbox 1769 1910 1849 1953; x_wconf 91' lang='lat' dir='ltr'>ea</span> <span class='ocrx_word' id='word_1_98' title='bbox 1893 1887 2043 1954; x_wconf 92' lang='lat' dir='ltr'>loca</span> <span class='ocrx_word' id='word_1_99' title='bbox 2090 1887 2218 1953; x_wconf 88' lang='lat' dir='ltr'>sibi</span> <span class='ocrx_word' id='word_1_100' title='bbox 2266 1888 2547 1973; x_wconf 88' lang='lat' dir='ltr'>elegisse</span> <span class='ocrx_word' id='word_1_101' title='bbox 2592 1911 2767 1974; x_wconf 88' lang='lat' dir='ltr'>quae</span> 
     </span>
     <span class='ocr_line' id='line_1_14' title="bbox 426 1994 2764 2082; baseline -0.001 -21"><span class='ocrx_word' id='word_1_102' title='bbox 426 1997 673 2062; x_wconf 91' lang='lat' dir='ltr'>idonea</span> <span class='ocrx_word' id='word_1_103' title='bbox 720 2001 942 2060; x_wconf 88' lang='lat' dir='ltr'>essent</span> <span class='ocrx_word' id='word_1_104' title='bbox 985 2015 1123 2060; x_wconf 91' lang='lat' dir='ltr'>non</span> <span class='ocrx_word' id='word_1_105' title='bbox 1168 2001 1436 2059; x_wconf 89' lang='lat' dir='ltr'>tantum</span> <span class='ocrx_word' id='word_1_106' title='bbox 1484 1996 1571 2059; x_wconf 89' lang='lat' dir='ltr'>ad</span> <span class='ocrx_word' id='word_1_107' title='bbox 1626 1995 1808 2082; x_wconf 88' lang='lat' dir='ltr'>ipsos</span> <span class='ocrx_word' id='word_1_108' title='bbox 1848 1995 2119 2060; x_wconf 86' lang='lat' dir='ltr'>Orestas</span> <span class='ocrx_word' id='word_1_109' title='bbox 2168 1994 2597 2077; x_wconf 79' lang='lat' dir='ltr'>cohibendOS,</span> <span class='ocrx_word' id='word_1_110' title='bbox 2646 1995 2764 2059; x_wconf 88' lang='lat' dir='ltr'>sed</span> 
     </span>
     <span class='ocr_line' id='line_1_15' title="bbox 428 2100 2764 2190; baseline -0 -22"><span class='ocrx_word' id='word_1_111' title='bbox 428 2103 635 2168; x_wconf 91' lang='lat' dir='ltr'>etiam</span> <span class='ocrx_word' id='word_1_112' title='bbox 681 2104 768 2167; x_wconf 93' lang='lat' dir='ltr'>ad</span> <span class='ocrx_word' id='word_1_113' title='bbox 813 2102 1037 2168; x_wconf 88' lang='lat' dir='ltr'>hostes</span> <span class='ocrx_word' id='word_1_114' title='bbox 1083 2108 1392 2167; x_wconf 87' lang='lat' dir='ltr'>externos</span> <span class='ocrx_word' id='word_1_115' title='bbox 1441 2102 1784 2168; x_wconf 72' lang='lat' dir='ltr'>arcendos</span> <span class='ocrx_word' id='word_1_116' title='bbox 1832 2100 2081 2166; x_wconf 87' lang='lat' dir='ltr'>Aditus</span> <span class='ocrx_word' id='word_1_117' title='bbox 2105 2102 2528 2190; x_wconf 78' lang='lat' dir='ltr'>praecipuuS,</span> <span class='ocrx_word' id='word_1_118' title='bbox 2558 2103 2764 2167; x_wconf 89' lang='lat' dir='ltr'>immo</span> 
     </span>
     <span class='ocr_line' id='line_1_16' title="bbox 426 2207 2764 2296; baseline -0.001 -20"><span class='ocrx_word' id='word_1_119' title='bbox 426 2210 686 2293; x_wconf 84' lang='lat' dir='ltr'>unicus,</span> <span class='ocrx_word' id='word_1_120' title='bbox 757 2209 843 2273; x_wconf 90' lang='lat' dir='ltr'>ab</span> <span class='ocrx_word' id='word_1_121' title='bbox 903 2208 1032 2274; x_wconf 88' lang='lat' dir='ltr'>hac</span> <span class='ocrx_word' id='word_1_122' title='bbox 1090 2215 1286 2296; x_wconf 90' lang='lat' dir='ltr'>parte</span> <span class='ocrx_word' id='word_1_123' title='bbox 1354 2207 1487 2273; x_wconf 81' lang='lat' dir='ltr'>fuit</span> <span class='ocrx_word' id='word_1_124' title='bbox 1558 2209 1769 2274; x_wconf 90' lang='lat' dir='ltr'>saltus</span> <span class='ocrx_word' id='word_1_125' title='bbox 1817 2209 2135 2275; x_wconf 88' lang='lat' dir='ltr'>Eordaici</span> <span class='ocrx_word' id='word_1_126' title='bbox 2174 2208 2491 2274; x_wconf 69' lang='lat' dir='ltr'>fluminis</span> <span class='ocrx_word' id='word_1_127' title='bbox 2582 2210 2764 2274; x_wconf 87' lang='lat' dir='ltr'>Ante</span> 
     </span>
     <span class='ocr_line' id='line_1_17' title="bbox 428 2310 2765 2404; baseline -0 -22"><span class='ocrx_word' id='word_1_128' title='bbox 428 2317 655 2382; x_wconf 90' lang='lat' dir='ltr'>omnia</span> <span class='ocrx_word' id='word_1_129' title='bbox 717 2316 852 2382; x_wconf 90' lang='lat' dir='ltr'>alia</span> <span class='ocrx_word' id='word_1_130' title='bbox 920 2316 1131 2403; x_wconf 87' lang='lat' dir='ltr'>igitur</span> <span class='ocrx_word' id='word_1_131' title='bbox 1198 2316 1328 2382; x_wconf 93' lang='lat' dir='ltr'>hae</span> <span class='ocrx_word' id='word_1_132' title='bbox 1400 2317 1629 2382; x_wconf 85' lang='lat' dir='ltr'>fauces</span> <span class='ocrx_word' id='word_1_133' title='bbox 1722 2318 2155 2404; x_wconf 86' lang='lat' dir='ltr'>occupandae</span> <span class='ocrx_word' id='word_1_134' title='bbox 2224 2310 2765 2402; x_wconf 86' lang='lat' dir='ltr'>muniendaeque</span> 
     </span>
     <span class='ocr_line' id='line_1_18' title="bbox 427 2423 2762 2509; baseline -0.001 -20"><span class='ocrx_word' id='word_1_135' title='bbox 427 2431 639 2509; x_wconf 91' lang='lat' dir='ltr'>erant,</span> <span class='ocrx_word' id='word_1_136' title='bbox 685 2430 764 2488; x_wconf 87' lang='lat' dir='ltr'>ut</span> <span class='ocrx_word' id='word_1_137' title='bbox 817 2423 959 2490; x_wconf 87' lang='lat' dir='ltr'>illic</span> <span class='ocrx_word' id='word_1_138' title='bbox 1003 2445 1073 2489; x_wconf 88' lang='lat' dir='ltr'>se</span> <span class='ocrx_word' id='word_1_139' title='bbox 1112 2424 1473 2490; x_wconf 87' lang='lat' dir='ltr'>sustineret</span> <span class='ocrx_word' id='word_1_140' title='bbox 1517 2429 1753 2489; x_wconf 90' lang='lat' dir='ltr'>contra</span> <span class='ocrx_word' id='word_1_141' title='bbox 1798 2423 2121 2488; x_wconf 88' lang='lat' dir='ltr'>barbaros</span> <span class='ocrx_word' id='word_1_142' title='bbox 2183 2424 2240 2489; x_wconf 89' lang='lat' dir='ltr'>si</span> <span class='ocrx_word' id='word_1_143' title='bbox 2292 2423 2762 2488; x_wconf 91' lang='lat' dir='ltr'>Macedoniam</span> 
     </span>
     <span class='ocr_line' id='line_1_19' title="bbox 425 2530 2764 2597; baseline -0 0"><span class='ocrx_word' id='word_1_144' title='bbox 425 2532 753 2597; x_wconf 87' lang='lat' dir='ltr'>invadere</span> <span class='ocrx_word' id='word_1_145' title='bbox 820 2532 894 2596; x_wconf 87' lang='lat' dir='ltr'>in</span> <span class='ocrx_word' id='word_1_146' title='bbox 963 2531 1189 2597; x_wconf 91' lang='lat' dir='ltr'>animo</span> <span class='ocrx_word' id='word_1_147' title='bbox 1251 2531 1602 2596; x_wconf 83' lang='lat' dir='ltr'>haberent.</span> <span class='ocrx_word' id='word_1_148' title='bbox 1697 2531 1822 2596; x_wconf 89' lang='lat' dir='ltr'>His</span> <span class='ocrx_word' id='word_1_149' title='bbox 1884 2530 1959 2595; x_wconf 92' lang='lat' dir='ltr'>in</span> <span class='ocrx_word' id='word_1_150' title='bbox 2011 2531 2175 2596; x_wconf 89' lang='lat' dir='ltr'>locis</span> <span class='ocrx_word' id='word_1_151' title='bbox 2233 2537 2459 2597; x_wconf 87' lang='lat' dir='ltr'>autem</span> <span class='ocrx_word' id='word_1_152' title='bbox 2498 2530 2764 2596; x_wconf 91' lang='lat' dir='ltr'>Pelium</span> 
     </span>
     <span class='ocr_line' id='line_1_20' title="bbox 425 2637 2143 2727; baseline -0.001 -23"><span class='ocrx_word' id='word_1_153' title='bbox 425 2639 755 2727; x_wconf 84' lang='lat' dir='ltr'>oppidum</span> <span class='ocrx_word' id='word_1_154' title='bbox 797 2638 1363 2726; x_wconf 85' lang='lat' dir='ltr'>opportunissime</span> <span class='ocrx_word' id='word_1_155' title='bbox 1411 2637 1615 2704; x_wconf 85' lang='lat' dir='ltr'>situm</span> <span class='ocrx_word' id='word_1_156' title='bbox 1652 2637 2039 2704; x_wconf 88' lang='lat' dir='ltr'>invenimus</span> <span class='ocrx_word' id='word_1_157' title='bbox 2068 2637 2143 2725; x_wconf 79' lang='lat'>2).</span> 
     </span>
    </p>

    <p class='ocr_par' dir='ltr' id='par_1_5' title="bbox 420 2744 2766 3583">
     <span class='ocr_line' id='line_1_21' title="bbox 512 2744 2765 2834; baseline -0.001 -22"><span class='ocrx_word' id='word_1_158' title='bbox 512 2748 743 2812; x_wconf 85' lang='lat' dir='ltr'>Etiam</span> <span class='ocrx_word' id='word_1_159' title='bbox 781 2753 1198 2834; x_wconf 81' lang='lat' dir='ltr'>compertum</span> <span class='ocrx_word' id='word_1_160' title='bbox 1243 2745 1570 2812; x_wconf 91' lang='lat' dir='ltr'>habemus</span> <span class='ocrx_word' id='word_1_161' title='bbox 1615 2747 1799 2810; x_wconf 92' lang='lat' dir='ltr'>hunc</span> <span class='ocrx_word' id='word_1_162' title='bbox 1841 2745 2065 2810; x_wconf 93' lang='lat' dir='ltr'>locum</span> <span class='ocrx_word' id='word_1_163' title='bbox 2088 2745 2284 2811; x_wconf 90' lang='lat' dir='ltr'>initio</span> <span class='ocrx_word' id='word_1_164' title='bbox 2328 2746 2523 2829; x_wconf 83' lang='lat' dir='ltr'>regni</span> <span class='ocrx_word' id='word_1_165' title='bbox 2566 2744 2765 2810; x_wconf 86' lang='lat' dir='ltr'>Alex-</span> 
     </span>
     <span class='ocr_line' id='line_1_22' title="bbox 425 2851 2764 2936; baseline -0.001 -17"><span class='ocrx_word' id='word_1_166' title='bbox 425 2855 623 2919; x_wconf 91' lang='lat' dir='ltr'>andri</span> <span class='ocrx_word' id='word_1_167' title='bbox 689 2855 762 2918; x_wconf 91' lang='lat' dir='ltr'>in</span> <span class='ocrx_word' id='word_1_168' title='bbox 822 2853 1135 2919; x_wconf 88' lang='lat' dir='ltr'>manibus</span> <span class='ocrx_word' id='word_1_169' title='bbox 1202 2853 1653 2919; x_wconf 89' lang='lat' dir='ltr'>Macedonum</span> <span class='ocrx_word' id='word_1_170' title='bbox 1703 2851 1932 2936; x_wconf 82' lang='lat' dir='ltr'>fuisse,</span> <span class='ocrx_word' id='word_1_171' title='bbox 2001 2874 2163 2917; x_wconf 92' lang='lat' dir='ltr'>nam</span> <span class='ocrx_word' id='word_1_172' title='bbox 2207 2859 2355 2916; x_wconf 91' lang='lat' dir='ltr'>tum</span> <span class='ocrx_word' id='word_1_173' title='bbox 2403 2852 2676 2917; x_wconf 91' lang='lat' dir='ltr'>demum</span> <span class='ocrx_word' id='word_1_174' title='bbox 2725 2875 2764 2917; x_wconf 90' lang='lat' dir='ltr'>a</span> 
     </span>
     <span class='ocr_line' id='line_1_23' title="bbox 426 2958 2761 3048; baseline -0.001 -22"><span class='ocrx_word' id='word_1_175' title='bbox 426 2960 604 3027; x_wconf 83' lang='lat' dir='ltr'>Clito</span> <span class='ocrx_word' id='word_1_176' title='bbox 649 2961 1040 3048; x_wconf 89' lang='lat' dir='ltr'>Illyriorum</span> <span class='ocrx_word' id='word_1_177' title='bbox 1084 2982 1265 3047; x_wconf 87' lang='lat' dir='ltr'>rege,</span> <span class='ocrx_word' id='word_1_178' title='bbox 1314 2960 1432 3046; x_wconf 90' lang='lat' dir='ltr'>qui</span> <span class='ocrx_word' id='word_1_179' title='bbox 1477 2959 1734 3025; x_wconf 93' lang='lat' dir='ltr'>bellum</span> <span class='ocrx_word' id='word_1_180' title='bbox 1772 2960 1981 3045; x_wconf 90' lang='lat' dir='ltr'>gessit</span> <span class='ocrx_word' id='word_1_181' title='bbox 2019 2965 2254 3024; x_wconf 89' lang='lat' dir='ltr'>contra</span> <span class='ocrx_word' id='word_1_182' title='bbox 2277 2958 2761 3043; x_wconf 84' lang='lat' dir='ltr'>Alexandrum,</span> 
     </span>
     <span class='ocr_line' id='line_1_24' title="bbox 424 3066 2766 3156; baseline -0.002 -21"><span class='ocrx_word' id='word_1_183' title='bbox 424 3077 789 3156; x_wconf 88' lang='lat' dir='ltr'>occupatus</span> <span class='ocrx_word' id='word_1_184' title='bbox 837 3074 937 3133; x_wconf 91' lang='lat' dir='ltr'>est</span> <span class='ocrx_word' id='word_1_185' title='bbox 964 3067 1038 3152; x_wconf 78' lang='lat'>3).</span> <span class='ocrx_word' id='word_1_186' title='bbox 1131 3067 1302 3134; x_wconf 84' lang='lat' dir='ltr'>Cum</span> <span class='ocrx_word' id='word_1_187' title='bbox 1351 3074 1579 3132; x_wconf 86' lang='lat' dir='ltr'>autem</span> <span class='ocrx_word' id='word_1_188' title='bbox 1645 3066 1912 3131; x_wconf 91' lang='lat' dir='ltr'>nullum</span> <span class='ocrx_word' id='word_1_189' title='bbox 1971 3066 2155 3132; x_wconf 91' lang='lat' dir='ltr'>aliud</span> <span class='ocrx_word' id='word_1_190' title='bbox 2202 3066 2456 3132; x_wconf 91' lang='lat' dir='ltr'>bellum</span> <span class='ocrx_word' id='word_1_191' title='bbox 2506 3066 2589 3131; x_wconf 91' lang='lat' dir='ltr'>ab</span> <span class='ocrx_word' id='word_1_192' title='bbox 2636 3067 2766 3131; x_wconf 88' lang='lat' dir='ltr'>hac</span> 
     </span>
     <span class='ocr_line' id='line_1_25' title="bbox 421 3171 2761 3263; baseline -0.001 -21"><span class='ocrx_word' id='word_1_193' title='bbox 421 3183 619 3263; x_wconf 86' lang='lat' dir='ltr'>parte</span> <span class='ocrx_word' id='word_1_194' title='bbox 685 3181 954 3261; x_wconf 88' lang='lat' dir='ltr'>gestum</span> <span class='ocrx_word' id='word_1_195' title='bbox 1023 3174 1218 3240; x_wconf 89' lang='lat' dir='ltr'>nobis</span> <span class='ocrx_word' id='word_1_196' title='bbox 1263 3174 1594 3239; x_wconf 88' lang='lat' dir='ltr'>traditum</span> <span class='ocrx_word' id='word_1_197' title='bbox 1640 3174 1730 3239; x_wconf 89' lang='lat' dir='ltr'>sit</span> <span class='ocrx_word' id='word_1_198' title='bbox 1771 3174 1905 3238; x_wconf 86' lang='lat' dir='ltr'>nisi</span> <span class='ocrx_word' id='word_1_199' title='bbox 1963 3171 2218 3238; x_wconf 91' lang='lat' dir='ltr'>bellum</span> <span class='ocrx_word' id='word_1_200' title='bbox 2267 3173 2429 3238; x_wconf 92' lang='lat' dir='ltr'>anni</span> <span class='ocrx_word' id='word_1_201' title='bbox 2474 3174 2606 3239; x_wconf 83' lang='lat'>358</span> <span class='ocrx_word' id='word_1_202' title='bbox 2652 3174 2761 3256; x_wconf 87' lang='lat' dir='ltr'>(cf.</span> 
     </span>
     <span class='ocr_line' id='line_1_26' title="bbox 421 3280 2763 3370; baseline -0.001 -23"><span class='ocrx_word' id='word_1_203' title='bbox 421 3304 628 3370; x_wconf 88' lang='lat' dir='ltr'>supra</span> <span class='ocrx_word' id='word_1_204' title='bbox 694 3305 760 3369; x_wconf 91' lang='lat' dir='ltr'>p.</span> <span class='ocrx_word' id='word_1_205' title='bbox 831 3282 898 3368; x_wconf 85' lang='grc'>7)</span> <span class='ocrx_word' id='word_1_206' title='bbox 966 3287 1342 3346; x_wconf 88' lang='lat' dir='ltr'>statuamus</span> <span class='ocrx_word' id='word_1_207' title='bbox 1409 3302 1682 3345; x_wconf 87' lang='lat' dir='ltr'>necesse</span> <span class='ocrx_word' id='word_1_208' title='bbox 1749 3286 1869 3362; x_wconf 90' lang='lat' dir='ltr'>est,</span> <span class='ocrx_word' id='word_1_209' title='bbox 1955 3280 2194 3345; x_wconf 92' lang='lat' dir='ltr'>eodem</span> <span class='ocrx_word' id='word_1_210' title='bbox 2259 3286 2564 3367; x_wconf 90' lang='lat' dir='ltr'>tempore</span> <span class='ocrx_word' id='word_1_211' title='bbox 2630 3302 2763 3366; x_wconf 89' lang='lat' dir='ltr'>quo</span> 
     </span>
     <span class='ocr_line' id='line_1_27' title="bbox 423 3385 2761 3475; baseline -0.001 -20"><span class='ocrx_word' id='word_1_212' title='bbox 423 3389 677 3455; x_wconf 88' lang='lat' dir='ltr'>Orestis</span> <span class='ocrx_word' id='word_1_213' title='bbox 749 3410 958 3474; x_wconf 86' lang='lat' dir='ltr'>regno</span> <span class='ocrx_word' id='word_1_214' title='bbox 1004 3387 1311 3475; x_wconf 86' lang='lat' dir='ltr'>Philippi</span> <span class='ocrx_word' id='word_1_215' title='bbox 1375 3385 1700 3472; x_wconf 89' lang='lat' dir='ltr'>adjuncta</span> <span class='ocrx_word' id='word_1_216' title='bbox 1747 3392 1867 3470; x_wconf 89' lang='lat' dir='ltr'>est,</span> <span class='ocrx_word' id='word_1_217' title='bbox 1916 3385 2183 3451; x_wconf 91' lang='lat' dir='ltr'>Pelium</span> <span class='ocrx_word' id='word_1_218' title='bbox 2231 3407 2500 3473; x_wconf 89' lang='lat' dir='ltr'>quoque</span> <span class='ocrx_word' id='word_1_219' title='bbox 2546 3386 2631 3451; x_wconf 91' lang='lat' dir='ltr'>ab</span> <span class='ocrx_word' id='word_1_220' title='bbox 2683 3408 2761 3452; x_wconf 91' lang='lat' dir='ltr'>eo</span> 
     </span>
     <span class='ocr_line' id='line_1_28' title="bbox 420 3501 1031 3583; baseline -0.003 -22"><span class='ocrx_word' id='word_1_221' title='bbox 420 3501 824 3583; x_wconf 89' lang='lat' dir='ltr'>occupatum</span> <span class='ocrx_word' id='word_1_222' title='bbox 870 3517 1031 3560; x_wconf 88' lang='lat' dir='ltr'>esse.</span> 
     </span>
    </p>

    <p class='ocr_par' dir='ltr' id='par_1_6' title="bbox 416 3600 2763 3903">
     <span class='ocr_line' id='line_1_29' title="bbox 509 3600 2763 3690; baseline -0.001 -23"><span class='ocrx_word' id='word_1_223' title='bbox 509 3602 617 3667; x_wconf 86' lang='lat' dir='ltr'>Ex</span> <span class='ocrx_word' id='word_1_224' title='bbox 685 3601 1138 3690; x_wconf 86' lang='lat' dir='ltr'>superioribus</span> <span class='ocrx_word' id='word_1_225' title='bbox 1207 3607 1402 3689; x_wconf 86' lang='lat' dir='ltr'>patet</span> <span class='ocrx_word' id='word_1_226' title='bbox 1469 3600 1775 3689; x_wconf 85' lang='lat' dir='ltr'>Philippi</span> <span class='ocrx_word' id='word_1_227' title='bbox 1845 3600 2318 3668; x_wconf 89' lang='lat' dir='ltr'>auctoritatem</span> <span class='ocrx_word' id='word_1_228' title='bbox 2385 3600 2507 3665; x_wconf 85' lang='lat' dir='ltr'>sub</span> <span class='ocrx_word' id='word_1_229' title='bbox 2555 3600 2763 3665; x_wconf 90' lang='lat' dir='ltr'>finem</span> 
     </span>
     <span class='ocr_line' id='line_1_30' title="bbox 419 3707 2761 3797; baseline -0.001 -22"><span class='ocrx_word' id='word_1_230' title='bbox 419 3710 606 3775; x_wconf 87' lang='lat' dir='ltr'>vitae</span> <span class='ocrx_word' id='word_1_231' title='bbox 654 3710 741 3774; x_wconf 93' lang='lat' dir='ltr'>ad</span> <span class='ocrx_word' id='word_1_232' title='bbox 787 3730 974 3774; x_wconf 91' lang='lat' dir='ltr'>mare</span> <span class='ocrx_word' id='word_1_233' title='bbox 1017 3708 1498 3775; x_wconf 91' lang='lat' dir='ltr'>Hadriaticum</span> <span class='ocrx_word' id='word_1_234' title='bbox 1541 3730 1756 3795; x_wconf 86' lang='lat' dir='ltr'>usque</span> <span class='ocrx_word' id='word_1_235' title='bbox 1780 3707 2093 3792; x_wconf 84' lang='lat' dir='ltr'>valuisse,</span> <span class='ocrx_word' id='word_1_236' title='bbox 2119 3730 2276 3797; x_wconf 88' lang='lat' dir='ltr'>pars</span> <span class='ocrx_word' id='word_1_237' title='bbox 2303 3707 2761 3773; x_wconf 86' lang='lat' dir='ltr'>meridionalis</span> 
     </span>
     <span class='ocr_line' id='line_1_31' title="bbox 416 3813 2757 3903; baseline -0.001 -22"><span class='ocrx_word' id='word_1_238' title='bbox 416 3815 695 3902; x_wconf 83' lang='lat' dir='ltr'>Illyriae</span> <span class='ocrx_word' id='word_1_239' title='bbox 757 3815 890 3903; x_wconf 89' lang='lat' dir='ltr'>ipsi</span> <span class='ocrx_word' id='word_1_240' title='bbox 949 3836 1159 3901; x_wconf 90' lang='lat' dir='ltr'>regno</span> <span class='ocrx_word' id='word_1_241' title='bbox 1229 3814 1338 3901; x_wconf 85' lang='lat' dir='ltr'>adj</span> <span class='ocrx_word' id='word_1_242' title='bbox 1345 3821 1552 3880; x_wconf 89' lang='lat' dir='ltr'>uncta</span> <span class='ocrx_word' id='word_1_243' title='bbox 1616 3822 1763 3880; x_wconf 89' lang='lat' dir='ltr'>erat</span> <span class='ocrx_word' id='word_1_244' title='bbox 1829 3821 1907 3879; x_wconf 88' lang='lat' dir='ltr'>ut</span> <span class='ocrx_word' id='word_1_245' title='bbox 1974 3815 2185 3901; x_wconf 86' lang='lat' dir='ltr'>vulgo</span> <span class='ocrx_word' id='word_1_246' title='bbox 2233 3814 2662 3903; x_wconf 88' lang='lat' dir='ltr'>suspicantur</span> <span class='ocrx_word' id='word_1_247' title='bbox 2687 3813 2757 3896; x_wconf 72' lang='lat'>4),</span> 
     </span>
    </p>
   </div>
   <div class='ocr_carea' id='block_1_3' title="bbox 424 4042 847 4052">
    <p class='ocr_par' dir='ltr' id='par_1_7' title="bbox 424 4042 847 4052">
     <span class='ocr_line' id='line_1_32' title="bbox 424 4042 847 4052; baseline 0 1298"><span class='ocrx_word' id='word_1_248' title='bbox 424 4042 847 4052; x_wconf 95' lang='lat' dir='ltr'> </span> 
     </span>
    </p>
   </div>
   <div class='ocr_carea' id='block_1_4' title="bbox 463 4180 2628 4543">
    <p class='ocr_par' dir='ltr' id='par_1_8' title="bbox 463 4180 2200 4252">
     <span class='ocr_line' id='line_1_33' title="bbox 463 4180 2200 4252; baseline 0.001 -17"><span class='ocrx_word' id='word_1_249' title='bbox 463 4181 510 4251; x_wconf 88' lang='lat'>1)</span> <span class='ocrx_word' id='word_1_250' title='bbox 545 4181 739 4252; x_wconf 83' lang='lat' dir='ltr'>Polyb.</span> <span class='ocrx_word' id='word_1_251' title='bbox 782 4181 834 4235; x_wconf 92' lang='lat'>1.</span> <span class='ocrx_word' id='word_1_252' title='bbox 872 4182 922 4236; x_wconf 84' lang='lat'>2.</span> <span class='ocrx_word' id='word_1_253' title='bbox 960 4182 1011 4236; x_wconf 86' lang='lat'>4.</span> <span class='ocrx_word' id='word_1_254' title='bbox 1050 4181 1165 4236; x_wconf 80' lang='lat' dir='ltr'>Liv.</span> <span class='ocrx_word' id='word_1_255' title='bbox 1206 4180 1291 4235; x_wconf 83' lang='lat'>45.</span> <span class='ocrx_word' id='word_1_256' title='bbox 1330 4181 1380 4235; x_wconf 87' lang='lat'>9.</span> <span class='ocrx_word' id='word_1_257' title='bbox 1423 4181 1488 4236; x_wconf 77' lang='lat' dir='ltr'>cf.</span> <span class='ocrx_word' id='word_1_258' title='bbox 1527 4181 1742 4237; x_wconf 84' lang='lat' dir='ltr'>Schaef.</span> <span class='ocrx_word' id='word_1_259' title='bbox 1781 4183 1837 4236; x_wconf 88' lang='lat'>3.</span> <span class='ocrx_word' id='word_1_260' title='bbox 1874 4182 1943 4236; x_wconf 88' lang='grc'>64</span> <span class='ocrx_word' id='word_1_261' title='bbox 1981 4199 2107 4236; x_wconf 86' lang='lat' dir='ltr'>ann.</span> <span class='ocrx_word' id='word_1_262' title='bbox 2150 4182 2200 4236; x_wconf 78' lang='lat'>2.</span> 
     </span>
    </p>

    <p class='ocr_par' dir='ltr' id='par_1_9' title="bbox 464 4277 2085 4351">
     <span class='ocr_line' id='line_1_34' title="bbox 464 4277 2085 4351; baseline 0 -17"><span class='ocrx_word' id='word_1_263' title='bbox 464 4281 515 4346; x_wconf 85' lang='grc'>2)</span> <span class='ocrx_word' id='word_1_264' title='bbox 550 4279 747 4334; x_wconf 83' lang='lat' dir='ltr'>Arrian</span> <span class='ocrx_word' id='word_1_265' title='bbox 786 4279 834 4333; x_wconf 91' lang='lat'>1.</span> <span class='ocrx_word' id='word_1_266' title='bbox 874 4279 924 4333; x_wconf 84' lang='lat'>5.</span> <span class='ocrx_word' id='word_1_267' title='bbox 962 4278 1012 4333; x_wconf 87' lang='lat'>5.</span> <span class='ocrx_word' id='word_1_268' title='bbox 1049 4278 1164 4334; x_wconf 79' lang='lat' dir='ltr'>Liv.</span> <span class='ocrx_word' id='word_1_269' title='bbox 1204 4279 1291 4333; x_wconf 83' lang='lat'>31.</span> <span class='ocrx_word' id='word_1_270' title='bbox 1327 4277 1415 4333; x_wconf 90' lang='grc'>40.</span> <span class='ocrx_word' id='word_1_271' title='bbox 1455 4279 1505 4333; x_wconf 85' lang='grc'><strong>5.</strong></span> <span class='ocrx_word' id='word_1_272' title='bbox 1547 4280 1741 4351; x_wconf 69' lang='lat' dir='ltr'>DroyS.</span> <span class='ocrx_word' id='word_1_273' title='bbox 1787 4281 1835 4332; x_wconf 91' lang='lat'>1.</span> <span class='ocrx_word' id='word_1_274' title='bbox 1875 4280 1926 4333; x_wconf 88' lang='lat'>1.</span> <span class='ocrx_word' id='word_1_275' title='bbox 1965 4279 2085 4334; x_wconf 84' lang='lat'>128.</span> 
     </span>
    </p>

    <p class='ocr_par' dir='ltr' id='par_1_10' title="bbox 464 4375 2628 4543">
     <span class='ocr_line' id='line_1_35' title="bbox 464 4375 2628 4444; baseline 0.001 -18"><span class='ocrx_word' id='word_1_276' title='bbox 464 4376 511 4444; x_wconf 87' lang='grc'>3)</span> <span class='ocrx_word' id='word_1_277' title='bbox 548 4378 744 4431; x_wconf 81' lang='lat' dir='ltr'>Arrian</span> <span class='ocrx_word' id='word_1_278' title='bbox 780 4377 852 4431; x_wconf 86' lang='lat' dir='ltr'>l.l.</span> <span class='ocrx_word' id='word_1_279' title='bbox 892 4375 1079 4432; x_wconf 74' lang='grc' dir='ltr'><strong><em>ταυτὴν</em></strong></span> <span class='ocrx_word' id='word_1_280' title='bbox 1114 4378 1210 4440; x_wconf 67' lang='grc' dir='ltr'>γὰρ</span> <span class='ocrx_word' id='word_1_281' title='bbox 1245 4376 1533 4441; x_wconf 72' lang='grc' dir='ltr'><strong><em>κατειλήφει</em></strong></span> <span class='ocrx_word' id='word_1_282' title='bbox 1568 4378 1593 4426; x_wconf 84' lang='grc' dir='ltr'><strong><em>ὁ</em></strong></span> <span class='ocrx_word' id='word_1_283' title='bbox 1632 4378 1840 4434; x_wconf 76' lang='grc' dir='ltr'><strong><em>Κλεῖτος</em></strong></span> <span class='ocrx_word' id='word_1_284' title='bbox 1874 4377 1937 4433; x_wconf 77' lang='grc' dir='ltr'>ὣς</span> <span class='ocrx_word' id='word_1_285' title='bbox 1972 4378 2287 4441; x_wconf 70' lang='grc' dir='ltr'><strong><em>ὀχυρωτάτην</em></strong></span> <span class='ocrx_word' id='word_1_286' title='bbox 2324 4382 2413 4436; x_wconf 72' lang='grc' dir='ltr'>τῆς</span> <span class='ocrx_word' id='word_1_287' title='bbox 2447 4377 2628 4441; x_wconf 73' lang='grc' dir='ltr'><strong>χώρας.</strong></span> 
     </span>
     <span class='ocr_line' id='line_1_36' title="bbox 464 4473 1712 4543; baseline 0 -14"><span class='ocrx_word' id='word_1_288' title='bbox 464 4473 511 4542; x_wconf 75' lang='grc'>4)</span> <span class='ocrx_word' id='word_1_289' title='bbox 553 4474 766 4529; x_wconf 84' lang='lat' dir='ltr'>Schaef.</span> <span class='ocrx_word' id='word_1_290' title='bbox 813 4474 861 4527; x_wconf 88' lang='lat'>3.</span> <span class='ocrx_word' id='word_1_291' title='bbox 901 4474 986 4528; x_wconf 89' lang='lat'>64.</span> <span class='ocrx_word' id='word_1_292' title='bbox 1027 4474 1195 4528; x_wconf 84' lang='lat' dir='ltr'>Isoor.</span> <span class='ocrx_word' id='word_1_293' title='bbox 1235 4473 1372 4528; x_wconf 89' lang='lat' dir='ltr'>Phil.</span> <span class='ocrx_word' id='word_1_294' title='bbox 1411 4474 1494 4528; x_wconf 85' lang='lat'>21.</span> <span class='ocrx_word' id='word_1_295' title='bbox 1534 4492 1585 4543; x_wconf 89' lang='lat' dir='ltr'>p.</span> <span class='ocrx_word' id='word_1_296' title='bbox 1625 4473 1712 4529; x_wconf 83' lang='lat'>86.</span> 
     </span>
    </p>
   </div>
  </div>
 </body>
</html>
