3338 5350
1555 470 1640 534 79

508 662 653 729 Sub
723 685 934 750 regno
1004 662 1375 729 Alexandri
1437 685 1576 729 non
1622 669 1892 728 tantum
1936 664 2117 729 bella
2162 662 2460 748 fuerunt,
2510 644 2752 751 quibus

408 771 564 858 ipse
610 770 1085 858 prospiciebat,
1144 776 1211 834 et
1256 792 1362 834 res
1426 770 1510 835 ad
1576 771 1835 835 victum
1881 771 2271 856 cultumque
2314 771 2492 857 regis
2532 794 2754 837 neces-

410 879 656 961 sariae,
732 899 908 964 quae
979 876 1470 965 persolvendae
1538 883 1764 961 erant3
1834 877 2224 964 provinciae
2294 878 2550 944 scilicet
2619 900 2755 944 non

414 986 644 1049 minus
692 1006 974 1070 magnas
1023 1004 1317 1048 summas
1363 982 1791 1069 flagitabant.
1862 984 2041 1049 Ante
2087 985 2315 1050 omnia
2362 984 2497 1049 alia
2546 984 2756 1050 victui

415 1091 770 1178 cultuique
814 1093 1113 1178 ipsorum
1164 1097 1588 1178 satraparum
1633 1091 2131 1178 providendum
2179 1098 2344 1157 erat.
2438 1092 2615 1156 Huic
2659 1093 2757 1157 rei

415 1199 897 1264 verosimiliter
964 1198 1215 1284 ubique
1285 1198 1520 1263 eodem
1585 1198 1788 1263 modo
1849 1199 1948 1262 ita
1990 1207 2422 1286 prospectum
2468 1206 2631 1283 erat,
2679 1206 2757 1264 ut

415 1306 711 1393 satrapis
756 1328 912 1393 pars
959 1306 1296 1393 quaedam
1339 1304 1682 1371 redituum
1727 1305 2139 1393 provinciae,
2202 1307 2347 1370 sive
2391 1306 2757 1393 vectigalia

412 1420 756 1478 certarum
802 1412 1092 1495 urbium,
1165 1413 1309 1478 sive
1354 1411 1585 1499 fruges
1651 1418 1981 1477 certorum
2027 1434 2429 1499 pascuorum
2473 1413 2585 1477 vel
2631 1435 2754 1500 pu-

411 1520 767 1603 blicorum,
820 1540 1329 1605 nonnumquam
1375 1527 1739 1604 utrumque
1784 1519 2131 1583 addictum
2175 1525 2366 1602 esset,
2416 1542 2590 1606 quae
2637 1542 2758 1585 rex

412 1628 504 1690 iis
551 1633 987 1707 concesserat,
1040 1647 1348 1711 quaeque
1393 1627 1476 1690 iis
1526 1625 1691 1691 dum
1735 1632 2159 1712 satraparum
2196 1647 2474 1690 munere
2514 1626 2757 1713 funge-

411 1739 673 1817 rentur,
742 1754 866 1821 pro
934 1756 1053 1798 suo
1120 1734 1549 1821 patrimonio,
1620 1733 1862 1798 saltem
1928 1755 2052 1821 pro
2099 1755 2217 1799 suo
2276 1732 2438 1799 fisco
2506 1733 2755 1799 habere

413 1841 632 1906 licuit.
696 1841 892 1906 Tales
940 1840 1311 1906 delationes
1357 1839 1569 1920 δωρεαὶ
1617 1838 1925 1916 βασιλέως
1970 1848 2320 1906 vocantur.
2393 1839 2534 1906 Sub
2579 1842 2755 1926 regi-

412 1949 547 2014 bus
588 1949 943 2014 Persarum
992 1971 1045 2013 e.
1094 1970 1158 2035 g.
1209 1948 1643 2036 Tissapherni
1690 1970 1848 2036 pars
1898 1947 2165 2013 urbium
2209 1947 2466 2030 Ioniae,
2513 1947 2584 2012 id
2633 1953 2753 2030 est,

413 2079 657 2121 earum
699 2056 957 2121 reditus
1003 2077 1315 2121 concessa
1362 2062 1509 2123 erat
1530 2054 1603 2141 1).

513 2162 899 2250 Accipimus
966 2163 1343 2228 Eumenem
1409 2168 1645 2250 utpote
1717 2170 2032 2250 satrapen
2078 2161 2551 2251 Cappadociae
2593 2161 2756 2227 inde

415 2269 511 2334 ab
585 2290 760 2335 anno
830 2269 960 2334 322
1022 2291 1236 2355 usque
1306 2269 1393 2335 ad
1464 2270 1595 2334 320
1662 2270 1736 2335 in
1780 2270 2132 2357 provincia
2180 2292 2302 2334 sua
2347 2276 2530 2333 certa
2573 2268 2756 2335 bona

409 2376 838 2464 possedisse3
908 2397 1062 2440 cum
1128 2377 1495 2463 Antipater
1563 2383 1631 2441 et
1700 2375 2013 2442 Craterus
2084 2398 2260 2442 anno
2329 2377 2457 2440 322
2519 2385 2755 2442 contra

413 2505 576 2548 eum
621 2482 1156 2569 proficiscuntur,
1203 2490 1475 2571 praeter
1520 2484 1887 2571 satrapiam
1936 2483 1998 2548 ei
2042 2484 2318 2570 insuper
2363 2504 2559 2568 agros
2587 2505 2781 2569 quos

409 2589 742 2677 privatim
788 2590 1161 2678 possideret
1205 2590 1501 2657 offerunt
1522 2595 1615 2674 2);
1663 2596 1900 2679 postea
1947 2612 2123 2655 anno
2169 2591 2299 2654 319
2347 2590 2508 2654 dum
2531 2588 2756 2655 Norae

412 2697 875 2780 obsidebatur,
920 2698 1426 2786 Polysperchon
1494 2697 1848 2786 epistolam
1898 2698 1981 2763 ad
2033 2720 2185 2762 eum
2245 2697 2446 2780 misit,
2514 2719 2647 2782 qua
2694 2699 2755 2762 ei

412 2805 669 2872 obtulit
712 2811 981 2892 praeter
1025 2806 1416 2893 satrapiam,
1488 2806 1694 2870 etiam
1739 2805 2225 2892 possessionem
2273 2825 2504 2869 eorum
2548 2803 2752 2870 bono-

412 2935 569 2979 rum
619 2934 790 2998 quae
838 2919 1038 2977 antea
1085 2912 1501 2993 obtinuisset,
1549 2912 1667 2984 τὰς
1718 2911 1943 2990 δωρεὰς
1990 2909 2246 2984 ἁπάσας
2307 2909 2454 2984 ὅσας
2480 2911 2754 2992 πρότερον

415 3017 558 3101 εἶχε
607 3020 774 3084 κατὰ
820 3019 925 3092 τὴν
972 3019 1192 3083 Ἀσίαν
1217 3018 1289 3105 3).
1337 3018 1494 3107 Ipse
1538 3020 1878 3084 Eumenes
1924 3011 1996 3083 in
2041 3020 2515 3105 congressione
2548 3041 2753 3105 quam

410 3149 573 3193 cum
640 3127 987 3214 Antigono
1056 3126 1297 3192 habuit
1364 3126 1528 3192 dum
1593 3126 1820 3192 Norae
1886 3125 2393 3209 includebatur,
2465 3132 2754 3191 exeunte

410 3257 599 3300 anno
658 3236 807 3318 320,
879 3235 963 3300 ab
1014 3256 1091 3300 eo
1154 3233 1545 3321 postulavit,
1615 3239 1694 3299 ut
1761 3221 2059 3321 satrapia
2142 3232 2269 3298 sibi
2337 3233 2750 3317 redderetur,

409 3342 525 3408 καὶ
594 3341 712 3415 τὰς
783 3340 1004 3422 δωρεὰς
1074 3340 1497 3405 ἀποδίδοσθαι
1519 3344 1607 3426 4)3
1676 3340 1911 3429 paullo
1977 3345 2132 3429 post
2170 3341 2317 3428 ipse
2362 3339 2750 3427 Antigonus

404 3472 540 3538 per
585 3449 1075 3535 Hieronymum
1123 3448 1535 3514 Cardianum
1580 3470 1818 3535 pacem
1868 3453 1937 3511 et
1980 3447 2347 3512 amicitiam
2395 3448 2454 3512 ei
2502 3447 2749 3513 obtulit

407 3556 527 3622 καὶ
579 3556 797 3633 λαβεῖν
867 3555 1091 3636 δωρεὰς
1165 3553 1680 3628 πολλαπλασίους
1744 3550 1815 3618 ὦν
1879 3553 2148 3634 πρότερον
2197 3549 2263 3628 ἦν
2311 3555 2596 3634 ἐσχηκὼς
2643 3552 2746 3617 καὶ

406 3663 805 3741 σατραπείαν
873 3662 1119 3742 μείζονα
1164 3664 1231 3746 ⁵).
1348 3663 1496 3729 Hoc
1563 3663 1766 3728 modo
1831 3661 2159 3728 omnibus
2228 3662 2514 3749 satrapis
2583 3662 2748 3725 certi

399 3770 673 3838 reditus
721 3771 975 3836 addicti
1021 3769 1295 3835 fuerint.
1347 3767 1482 3834 Sed
1531 3770 1737 3834 etiam
1781 3768 1981 3856 plura
2024 3775 2236 3834 erant.

500 3876 1100 3943 Administrationi
1147 3877 1332 3942 civili
1380 3877 1793 3964 provinciae,
1841 3876 2111 3941 tametsi
2157 3875 2291 3940 illis
2334 3875 2749 3964 temporibus

453 4067 508 4133 1)
552 4066 800 4135 Xenoph.
840 4064 1009 4118 Anab.
1052 4065 1098 4117 1.
1140 4065 1186 4117 1.
1226 4064 1274 4116 6.

455 4158 509 4219 2ν)
554 4156 699 4210 Plut.
738 4157 896 4209 Eum.
935 4155 984 4207 5.

449 4244 505 4313 3)
548 4243 705 4298 Diod.
745 4244 828 4299 18.
866 4244 950 4297 57.
989 4243 1038 4297 3.

450 4337 506 4404 4)
546 4335 692 4390 Plut.
729 4335 886 4388 Eum.
927 4332 1009 4386 10.

454 4427 511 4496 5)
558 4423 715 4477 Diod.
756 4422 837 4476 18.
876 4422 960 4500 50.
999 4422 1045 4474 4.
