3338 5350
1720 545 1805 609 32

598 762 774 805 anno
820 741 1028 827 igitur
1074 739 1311 805 foedus
1353 742 1530 806 inter
1556 740 1962 806 Macedones
1989 747 2056 805 et
2078 740 2380 805 Paeones
2406 740 2627 805 adhuc
2652 741 2924 805 exstitit.

596 846 733 912 Sed
803 869 980 912 anno
1050 848 1179 911 306
1248 869 1402 912 cum
1469 848 1808 934 principes
1870 847 2284 912 Macedonici
2345 846 2621 933 titulum
2665 849 2927 934 regium

595 965 1117 1041 assumpserunt,
1163 954 1522 1019 Audoleon
1569 976 1837 1040 quoque
1882 955 2064 1019 hunc
2100 954 2379 1019 titulum
2402 953 2525 1018 sibi
2561 957 2925 1042 arrogavit,

595 1068 670 1126 ut
735 1068 928 1149 patet
973 1084 1056 1126 ex
1102 1062 1413 1145 nummis,
1467 1063 1582 1146 qui
1627 1062 1790 1126 inde
1836 1061 1922 1126 ab
1967 1061 2095 1127 hoc
2140 1068 2444 1150 tempore
2490 1062 2928 1149 inscriptione

593 1171 812 1233 ornati
881 1174 1038 1233 sunt
1106 1166 1564 1256 „Aoawm'ova-oq
1609 1167 1921 1244 βασιλέως
1959 1167 2031 1252 1),
2081 1170 2261 1255 quod
2308 1176 2538 1235 tamen
2584 1191 2735 1234 mea
2781 1168 2927 1253 qui-

592 1275 748 1340 dem
799 1276 1133 1339 sententia
1176 1274 1346 1339 nihil
1393 1273 1729 1360 significat
1774 1276 1901 1339 nisi
1951 1276 2134 1361 quod
2175 1267 2540 1342 Audoleon
2584 1275 2701 1341 illo
2748 1296 2927 1340 anno

590 1380 829 1448 foedus
898 1403 1054 1446 cum
1120 1381 1519 1447 Macedonia
1563 1382 1767 1468 rupit,
1818 1403 1961 1446 sese
2007 1383 2092 1447 ab
2140 1384 2323 1447 omni
2367 1389 2563 1470 parte
2614 1384 2685 1446 in
2728 1381 2927 1446 liber-

592 1495 805 1553 tatem
849 1488 1243 1554 vindicavit.
1296 1488 1482 1566 Quae
1530 1509 1686 1552 cum
1709 1491 1806 1553 ita
1830 1489 1982 1572 sint,
2010 1491 2331 1576 suspicari
2359 1490 2576 1554 ausim
2598 1491 2928 1554 rationem

590 1597 766 1660 inter
809 1595 1280 1660 Macedoniam
1325 1602 1395 1659 et
1437 1596 1808 1659 Paeoniam
1852 1595 2012 1660 inde
2062 1596 2146 1661 ab
2196 1618 2375 1661 anno
2423 1596 2556 1661 358
2577 1619 2792 1682 usque
2834 1597 2922 1660 ad

589 1704 720 1768 306
764 1724 905 1767 non
952 1701 1319 1766 admodum
1368 1708 1708 1766 mutatum
1753 1723 1916 1767 esse.
1967 1701 2105 1767 Sed
2130 1703 2215 1767 ab
2241 1702 2455 1768 altera
2477 1712 2671 1791 parte
2697 1703 2930 1768 nuncii

589 1811 673 1875 de
737 1810 866 1875 hac
921 1810 1069 1896 ipsa
1129 1811 1409 1889 ratione,
1474 1810 1591 1894 qui
1644 1815 1938 1873 aetatem
1984 1809 2305 1894 tulerunt,
2355 1811 2524 1875 adeo
2569 1812 2703 1875 rari
2749 1816 2926 1895 sunt,

586 1923 665 1981 ut
701 1918 976 1982 omnino
1014 1915 1182 1979 nihil
1229 1915 1357 1980 nisi
1403 1915 1792 2000 conjectura
1839 1916 1924 1981 de
1969 1916 2098 1981 hac
2143 1938 2217 1982 re
2264 1919 2470 1982 statui
2514 1919 2744 2004 possit.

675 2024 860 2089 Ante
905 2022 1132 2088 omnia
1181 2021 1315 2086 alia
1360 2023 1684 2109 suspicari
1727 2022 1889 2087 licet
1930 2023 2301 2088 Paeoniam
2370 2025 2530 2088 satis
2575 2023 2729 2089 laxo
2777 2025 2926 2088 vin-

586 2132 737 2201 culo
782 2130 1221 2195 Macedoniae
1287 2127 1722 2214 conjunctam
1788 2129 2014 2214 fuisse,
2065 2131 2362 2217 primum
2420 2131 2605 2216 quod
2650 2131 2930 2195 nomina

586 2239 889 2303 omnium
934 2238 1320 2325 principum
1366 2239 1483 2323 qui
1530 2237 1660 2302 illis
1683 2238 2100 2326 temporibus
2123 2238 2461 2303 Paeoniae
2483 2236 2931 2325 praefuerunt

588 2350 883 2410 aetatem
927 2344 1251 2427 tulerunt,
1293 2367 1467 2430 quae
1512 2366 1617 2410 res
1656 2345 2055 2432 comprobat
2115 2367 2225 2411 eos
2273 2345 2433 2409 satis
2478 2349 2673 2409 notos
2716 2343 2927 2409 fuisse

587 2453 771 2540 apud
819 2453 1151 2538 antiqUOS‚
1221 2453 1404 2538 quod
1449 2451 1592 2517 fieri
1640 2474 1779 2517 non
1814 2454 2164 2539 potuisset,
2234 2452 2364 2516 nisi
2399 2450 2716 2516 libertate
2762 2474 2928 2538 qua-

590 2560 748 2624 dam
792 2557 984 2623 fruiti
1033 2564 1273 2623 essent.

675 2665 851 2731 Tum
916 2665 1178 2731 nummi
1223 2665 1538 2731 Paeonici
1605 2665 1737 2731 illis
1797 2666 2214 2754 temporibus
2260 2666 2400 2731 cusi
2447 2665 2718 2731 omnino
2754 2665 2929 2731 nihil

587 2795 941 2839 commune
980 2773 1238 2838 habent
1281 2795 1436 2837 cum
1481 2772 1953 2857 Macedonicis,
2001 2774 2133 2838 nisi
2189 2774 2371 2859 quod
2408 2778 2617 2859 caput
2662 2773 2926 2860 Apolli-

585 2883 688 2946 nis
735 2882 806 2945 in
854 2882 1147 2945 nummis
1202 2878 1575 2963 Paeonicis,
1647 2880 2061 2945 simillimum
2129 2886 2229 2945 est
2291 2880 2511 2945 eidem
2557 2878 2808 2965 effigiei
2855 2882 2930 2944 in

587 2988 880 3052 nummis
949 2986 1420 3069 MacedoniciS,
1497 3008 1669 3071 quae
1739 2986 2107 3053 similitudo
2166 2992 2397 3052 tamen
2465 2985 2655 3051 nullo
2721 2986 2928 3052 modo

586 3094 885 3158 indicare
932 3098 1160 3180 potest
1202 3092 1570 3157 Paeoniam
1614 3115 1650 3157 e
1695 3092 2096 3158 Macedonia
2137 3094 2543 3181 pependisse
2563 3092 2635 3179 2).

678 3629 1241 3714 Quandoquidem
1284 3630 1450 3693 mihi
1497 3652 1760 3694 summa
1798 3651 1953 3695 cum
1976 3632 2292 3696 comitate
2313 3632 2509 3718 copia
2544 3631 2931 3717 gratissima

587 3738 749 3803 data
796 3744 898 3801 est
941 3736 1280 3801 inserendi
1324 3736 1554 3802 libello
1626 3759 1777 3803 meo
1827 3737 2086 3823 aliquot
2142 3737 2556 3825 exemplaria
2621 3759 2931 3805 nummo-

583 3867 736 3909 rum
805 3844 1076 3931 depicta
1122 3864 1159 3907 e
1197 3845 1386 3929 regia
1454 3844 1850 3910 collectione
1914 3845 2155 3930 Hagae
2225 3845 2520 3929 Comitis,
2581 3845 2711 3910 hoc
2776 3843 2928 3911 loco

585 3952 919 4016 inseratur
1005 3950 1367 4038 descriptio
1465 3972 1898 4016 nummorum
1977 3951 2467 4016 Paeonicorum
2555 3953 2628 4016 in
2691 3951 2933 4017 tabula

582 4063 813 4123 nostra
854 4064 923 4122 et
966 4059 1164 4122 unius
1211 4057 1630 4123 Macedonici
1693 4080 1896 4143 quem
1944 4058 2175 4123 addidi
2221 4064 2301 4122 ut
2349 4059 2725 4145 comparari
2776 4079 2942 4144 pos-

587 4166 722 4229 sint
763 4165 940 4229 inter
985 4186 1074 4229 se.

641 4404 691 4473 1)
729 4406 1011 4461 Sboronos
1048 4408 1096 4460 1.
1132 4424 1184 4477 p.
1223 4407 1346 4461 306.

639 4495 688 4561 2)
725 4496 792 4549 cf.
830 4496 886 4549 in
924 4497 1137 4551 Tabula
1173 4497 1214 4549 Ι.
1253 4497 1306 4549 11
1345 4499 1401 4549 et
1434 4496 1495 4550 V.
