3338 5350
1530 515 1654 579 161

510 711 595 777 In
640 711 877 798 Illyria
948 734 1217 799 quoque
1282 711 1713 777 matrimonio
1780 733 1900 777 suo
1968 732 2123 777 cum
2181 709 2324 777 filia
2367 710 2757 798 Bardylidis

419 819 601 905 regis
645 819 947 906 Pyrrhus
996 819 1396 884 auctoritate
1439 818 1680 902 valuit,
1729 815 2095 904 Corcyram
2131 823 2250 883 aut
2287 820 2432 905 ipse
2463 818 2608 905 jam
2652 819 2760 883 his

419 926 837 1013 temporibus
884 926 1066 1013 cepit
1085 925 1135 1007 1)
1207 932 1325 990 aut
1368 946 1492 1012 per
1540 924 1917 991 absentiam
1966 922 2109 1010 ejus
2166 925 2239 990 in
2282 925 2486 990 Italia
2534 950 2575 991 a
2620 924 2760 991 filio

423 1032 568 1117 ejus
614 1032 1004 1098 Ptolemaeo
1064 1053 1277 1118 regno
1347 1030 1673 1117 adjuncta
1719 1038 1819 1096 est
1844 1032 1913 1115 ²).
2008 1030 2340 1118 Quicquid
2388 1032 2515 1098 hac
2559 1033 2646 1098 de
2689 1054 2761 1097 re

426 1145 545 1223 est,
591 1140 840 1227 Epirus
889 1162 929 1203 a
971 1139 1235 1225 Pyrrho
1280 1138 1550 1205 firmata
1594 1144 1663 1203 et
1687 1137 2101 1226 amplificata
2137 1144 2259 1222 est,
2306 1161 2593 1225 regnum
2617 1138 2762 1224 ejus

425 1246 921 1311 validissimum
968 1244 1276 1311 Cerauno
1323 1251 1652 1333 perpetuo
1697 1245 1999 1332 periculo
2044 1245 2196 1310 fuit.

514 1352 898 1439 Antigonus
966 1351 1098 1417 fuit
1170 1352 1595 1420 adversarius
1664 1352 1849 1417 haud
1919 1354 2140 1418 minus
2209 1353 2761 1436 contemnenduS,

425 1460 846 1546 Magnesiam
893 1466 961 1524 et
1003 1460 1352 1525 Euboeam
1398 1459 1564 1524 urbe
1608 1460 2045 1525 Demetriade
2109 1459 2427 1542 cohibuit,
2481 1460 2763 1526 societas

425 1568 746 1633 Boeotica
816 1590 969 1632 cum
1037 1587 1116 1632 eo
1184 1565 1458 1632 foedere
1496 1565 1738 1651 juncta
1779 1573 1942 1650 erat,
2011 1566 2326 1633 Athenae
2373 1575 2440 1631 et
2484 1568 2763 1632 Piraeus

431 1673 745 1739 libertate
816 1674 1092 1759 quidem
1162 1672 1583 1757 fruebantur,
1631 1681 1863 1739 tamen
1907 1674 2255 1760 Antigono
2294 1673 2529 1739 favere
2576 1674 2764 1738 vide·

429 1781 681 1846 bantur
700 1780 772 1868 3).

515 1888 597 1953 In
669 1888 1137 1976 Peloponneso
1204 1894 1533 1977 occupata
1598 1887 1842 1953 habuit
1907 1888 2328 1976 Epidaurum
2375 1895 2445 1953 et
2488 1888 2764 1953 Troeze-

426 2018 585 2060 nem
610 1994 688 2081 4),
738 1993 1098 2060 Corinthus
1144 2005 1213 2060 et
1248 1994 1530 2083 Megara
1573 1996 1857 2082 perinde
1902 1995 1965 2060 ei
2009 1994 2419 2061 oboedibant
2444 1993 2517 2083 ⁵),
2543 1994 2764 2080 Argos

428 2110 497 2168 et
544 2102 787 2189 Sicyon
840 2126 880 2167 a
924 2102 1231 2189 partibus
1283 2102 1428 2187 ejus
1453 2107 1804 2185 steterunt,
1831 2103 2029 2167 urbes
2053 2101 2391 2168 Achaicae
2413 2101 2763 2190 praesidiis

427 2208 755 2293 Antigoni
834 2209 1137 2273 munitae
1206 2215 1400 2274 erant
1424 2207 1492 2288 6).
1561 2207 1706 2273 Elis
1776 2230 2044 2295 quoque
2112 2208 2175 2274 ei
2242 2208 2531 2274 obnoxia
2601 2213 2764 2292 erat,

429 2314 875 2403 Megalopolis
922 2322 991 2380 et
1038 2315 1210 2380 aliae
1255 2316 1456 2381 urbes
1504 2316 1841 2382 Arcadiae
1871 2316 2203 2402 Antigoni
2227 2317 2418 2382 sociis
2442 2316 2764 2381 adnume-

427 2422 775 2504 rabantur‚
835 2422 950 2487 vel
1015 2422 1263 2510 Sparta
1311 2422 1445 2489 illis
1489 2422 1906 2510 temporibus
1951 2423 2131 2488 bello
2182 2423 2266 2487 ab
2315 2445 2392 2487 eo
2438 2421 2766 2507 lacessita,

427 2529 586 2593 inde
634 2528 718 2593 ab
766 2550 944 2594 anno
989 2528 1241 2616 285s84
1285 2530 1468 2593 victa
1507 2535 1574 2594 et
1621 2530 2119 2615 quodammodo
2159 2531 2220 2595 ei
2247 2529 2538 2596 obnoxia
2560 2528 2770 2595 fuisse

427 2635 701 2702 videtur
730 2636 796 2720 ⁷).
844 2636 934 2701 Et
982 2637 1055 2701 in
1103 2633 1578 2725 septentrione
1609 2637 1933 2724 Pyrrhus,
1964 2636 2218 2724 alioqui
2238 2637 2417 2704 ultro
2440 2637 2770 2724 Antigoni

432 2743 877 2828 adversariUS,
925 2765 1107 2808 nunc
1152 2765 1308 2809 cum
1350 2766 1428 2810 eo
1473 2766 1707 2833 pacem
1758 2746 1915 2831 egit,
1964 2744 2077 2810 vel
2107 2745 2382 2812 foedere
2405 2746 2464 2811 ei
2493 2744 2770 2831 adjunc-

429 2856 539 2914 tus
632 2857 776 2915 erat
828 2850 897 2935 8),
982 2850 1210 2915 Aetoli
1294 2873 1560 2937 quoque
1630 2853 1844 2917 auctis
1910 2851 2161 2918 finibus
2230 2854 2548 2919 societate
2618 2874 2770 2918 cum

431 2957 779 3043 Antigono
818 2956 1042 3043 juncti
1089 2964 1284 3023 erant
1305 2958 1378 3043 9).

494 3234 534 3301 ¹)
572 3235 771 3290 Justin.
812 3236 896 3290 25.
935 3237 985 3289 4.
1023 3236 1072 3289 8.

486 3333 737 3399 2)'Paus.
778 3335 826 3387 1.
866 3335 950 3388 12.
990 3334 1036 3388 1.
1076 3334 1238 3389 Niese
1274 3335 1324 3388 2.
1361 3335 1412 3389 6.
1452 3352 1577 3390 ann.
1616 3335 1665 3389 ὅ.

484 3431 534 3497 3)
570 3450 619 3485 v.
657 3432 956 3487 Wilamow.
1011 3451 1064 3502 p.
1104 3433 1233 3487 259:
1298 3434 1537 3502 „Athens
1576 3435 1831 3504 Stellung
1866 3452 1937 3488 zu
1975 3435 2080 3489 den
2116 3436 2363 3489 Aitolern
2398 3435 2470 3489 ist
2504 3436 2561 3489 in
2599 3437 2775 3491 dieser

439 3521 588 3589 „Zeit
643 3521 1041 3576 fortdauerend
1097 3526 1214 3592 gut,
1276 3522 1393 3575 und
1451 3525 1623 3577 schon
1681 3524 1779 3577 das
1819 3528 2032 3578 musste
2070 3524 2147 3578 sie
2184 3525 2329 3577 auch
2365 3542 2435 3578 zu
2472 3525 2777 3595 Antigonos

438 3610 768 3680 „ertraglich
804 3611 1050 3664 stellen.‘'

387 3692 402 3703 ““
483 3706 530 3775 4)
565 3707 794 3762 Frontin
831 3709 866 3762 3
919 3710 969 3763 6.
1008 3709 1056 3762 7.
1102 3709 1361 3781 Polyaen.
1401 3711 1451 3764 2.
1495 3711 1579 3764 29.
1622 3712 1673 3766 1.

486 3802 534 3870 ⁵)
573 3805 731 3859 Diod.
773 3806 857 3861 20.
899 3807 1018 3860 103.
1057 3807 1201 3860 mut.
1242 3807 1399 3861 nem.
1437 3809 1503 3862 51
1544 3812 1601 3863 et
1635 3809 1721 3862 53.

485 3900 535 3971 6)
574 3903 767 3973 Polyb.
806 3905 855 3958 2.
894 3905 979 3958 41.
1018 3904 1067 3958 9.

488 3999 539 4067 7)
580 4002 779 4056 Euseb.
837 3984 1036 4056 Chron.
1100 4019 1187 4072 ap.
1237 4021 1289 4057 v.
1328 4003 1630 4059 Wilamow.
1668 4022 1721 4074 p.
1760 4003 1891 4057 258:
1953 4004 2289 4075 „Antigonus
2327 4006 2573 4061 Gonatas
2607 4008 2775 4062 Lace-

442 4089 797 4158 „daemonios
832 4091 1045 4145 tenuit'’
1084 4091 1149 4145 cf.
1189 4091 1393 4146 Jusfin.
1433 4093 1516 4145 24.
1558 4093 1605 4145 1.
1643 4094 1693 4146 3.

489 4187 538 4254 8)
574 4188 739 4242 Paus.
778 4188 826 4241 1.
868 4189 952 4243 10.
991 4190 1041 4242 2.

488 4283 535 4351 9)
572 4285 763 4355 Polyb.
802 4287 851 4339 2.
892 4287 977 4340 45.
1018 4287 1077 4351 1;
1117 4288 1165 4340 2.
1204 4288 1289 4341 43.
1328 4289 1389 4355 9;
1427 4289 1478 4341 9.
1517 4290 1603 4342 34.
1642 4290 1692 4342 6.
1730 4286 1840 4338 ἐπεὶ
1874 4291 2004 4347 τίνες
2042 4292 2093 4339 οἱ
2119 4292 2205 4340 τᾶν
2243 4291 2527 4355 Ἀντίγονόν
2563 4293 2654 4342 εἰσ-ι
2690 4296 2773 4344 τὸν

436 4375 718 4437 Δημητρίου
757 4374 1196 4438 παρακαλέσαντες
1228 4375 1313 4426 ἐπὶ
1342 4375 1569 4442 διαιρέσει
1589 4382 1682 4427 τοῦ
1699 4384 1795 4428 τῶν
1815 4385 2043 4443 Ἀχαιῶν
2060 4378 2241 4437 ἔθνους.
2291 4382 2484 4452 Droys.
2506 4384 2554 4435 2.
2578 4384 2627 4437 2.
2652 4383 2770 4437 332.

435 4480 487 4518 v.
526 4463 824 4520 Wilamow.
864 4466 982 4519 259.

2496 4572 2561 4626 11
