3338 5350
1619 525 1661 590 3

480 719 909 786 Meridionali
1001 718 1442 785 Macedoniae
1510 720 1888 809 Superioris
1952 725 2039 788 ad
2100 725 2282 811 ripas
2347 716 2807 790 Haliacmonis

480 826 775 892 fluminis
823 831 893 909 1).

566 934 780 999 Juxta
831 955 942 999 eas
980 940 1217 1020 gentes
1258 939 1486 998 autem
1522 934 1953 1021 Thucydides
2001 937 2207 1000 etiam
2230 936 2316 1000 de
2341 934 2488 999 aliis
2511 935 2810 1021 loquitur

480 1062 604 1105 nec
673 1047 901 1104 tamen
958 1062 1070 1105 eas
1133 1041 1458 1105 nominat.
1523 1040 1840 1118 Quaestio
1884 1043 2047 1107 inde
2092 1043 2304 1107 oritur
2349 1043 2437 1106 ad
2482 1063 2811 1128 quasnam

482 1147 647 1212 alias
697 1146 1123 1234 spectaverit.
1177 1144 1363 1211 Situs
1408 1149 1743 1212 montium
1791 1148 1875 1212 ab
1921 1149 2051 1213 hac
2095 1155 2290 1236 parte
2334 1148 2530 1213 nobis
2553 1148 2813 1213 indicat

480 1255 764 1340 cogitari
815 1260 1086 1318 tantum
1150 1275 1348 1340 posse
1394 1255 1477 1319 de
1524 1254 1978 1341 Pelagonibus
2027 1262 2095 1320 et
2140 1256 2223 1320 de
2271 1255 2542 1321 Orestis.
2615 1255 2810 1320 Pela-

481 1361 687 1446 gonia
755 1368 1002 1444 autem,
1065 1382 1237 1445 quae
1299 1361 1597 1447 pertinet
1652 1384 1692 1425 a
1739 1360 2212 1449 Septentrione
2249 1363 2676 1447 Lyncestidis
2724 1363 2813 1426 ad

483 1467 810 1532 Scardum
859 1475 1160 1533 montem
1202 1489 1435 1553 usque,
1488 1491 1663 1554 quae
1701 1469 2106 1534 munimenti
2150 1469 2365 1533 instar
2425 1476 2524 1534 est
2577 1477 2812 1534 contra

482 1574 662 1639 feras
709 1582 946 1660 gentes
969 1574 1111 1639 illic
1134 1576 1326 1640 sedes
1348 1574 1698 1659 habenteS,
1725 1576 1854 1641 hoc
1875 1582 2179 1663 tempore
2203 1574 2486 1657 fortasse
2510 1576 2814 1662 subjecta

480 1681 834 1767 Lyncestis
859 1682 1184 1765 finitimis,
1209 1682 1515 1770 profecto
1539 1684 1976 1749 Macedoniae
1995 1683 2340 1771 Superiori
2358 1683 2814 1769 adjudicanda

485 1795 602 1881 est,
638 1798 711 1853 ut
752 1788 921 1854 facit
960 1788 1206 1854 Strabo
1230 1790 1638 1874 ubicumque
1661 1790 1841 1855 hanc
1861 1792 2209 1876 regionem
2233 1795 2712 1855 commemorat
2738 1794 2809 1869 2).

483 1893 796 1961 Ceterum
862 1919 1203 1985 perpauca
1264 1897 1529 1983 antiqui
1587 1898 1944 1984 scriptores
1993 1897 2078 1961 de
2124 1897 2255 1961 hac
2296 1897 2571 1982 regione
2615 1896 2811 1961 nobis

483 2005 912 2068 tradiderunt
949 2003 1022 2089 3).
1690 2066 1697 2074 .

572 2109 824 2176 Orestis
894 2117 1145 2194 contra,
1220 2133 1394 2195 quae
1437 2111 1615 2175 inter
1661 2111 2142 2197 Lyncestidem
2190 2116 2259 2175 et
2301 2111 2637 2175 Elimeam
2684 2111 2814 2175 sita

482 2223 602 2297 est,
631 2218 742 2282 -ab
784 2218 1059 2283 Oriente
1106 2216 1410 2303 ejusdem
1446 2216 1599 2303 jugi
1646 2219 1828 2303 quod
1872 2218 2170 2305 pertinet
2215 2240 2256 2282 a
2293 2216 2545 2282 Scardo
2585 2223 2815 2282 monte

487 2324 840 2388 Meridiem
938 2346 1192 2407 versuS‚
1264 2324 1720 2410 discernitque
1788 2347 1899 2389 eas
1965 2330 2221 2410 genteS‚
2291 2346 2464 2410 quae
2535 2344 2815 2410 geogra-

483 2431 684 2518 phico
734 2454 928 2495 sensu
981 2432 1067 2496 ad
1115 2431 1584 2495 Macedoniam
1634 2433 1982 2518 pertinent
2021 2455 2061 2495 a
2096 2431 2411 2517 gentibus
2434 2431 2723 2517 Illyricis
2748 2437 2815 2496 et

481 2539 862 2626 Epiroticis,
914 2538 1132 2623 magis
1187 2544 1425 2625 aperta
1472 2544 1591 2620 est,
1632 2559 1854 2623 neque
1892 2544 2033 2602 tam
2057 2545 2302 2602 natura
2324 2538 2588 2602 munita
2613 2544 2817 2624 atque

481 2644 775 2729 finitimi,
824 2666 975 2709 cum
1021 2645 1299 2732 insuper
1342 2642 1573 2709 fauces
1596 2643 1914 2710 Eordaici
1937 2643 2233 2709 fluminis
2258 2642 2530 2709 facilem
2555 2643 2842 2710 aditum'

486 2775 526 2817 a
563 2759 758 2840 parte
787 2752 1065 2837 Illyriae
1091 2751 1491 2839 praebeant..
1535 2750 1781 2816 Strabo
1808 2774 2053 2838 anceps
2074 2751 2350 2816 haerere
2373 2752 2647 2817 videtur
2669 2753 2815 2839 qui-

483 2860 770 2925 busnam
813 2859 1130 2945 gentibus
1177 2859 1447 2924 Orestas
1495 2859 1912 2943 adnumeret,
1962 2858 2324 2947 Epiroticis
2370 2882 2459 2923 an
2503 2859 2815 2925 Macedo-

482 2966 672 3031 nicis,
732 2968 994 3031 Eodem
1036 2966 1184 3031 loco
1232 2966 1412 3030 enim
1458 2966 1652 3031 initio
1697 2966 2110 3053 paragraphi
2156 2967 2288 3030 326
2338 2963 2609 3030 Orestas
2653 2966 2816 3054 Epi-

482 3080 663 3138 rotas
731 3073 1057 3156 nominat‚
1127 3094 1283 3137 cum
1348 3072 1421 3137 in
1491 3072 1628 3136 fine
1698 3072 2002 3158 ejusdem
2066 3072 2481 3159 paragraphi
2550 3095 2661 3138 eos
2731 3072 2817 3136 ad

482 3179 954 3246 Macedoniam
1017 3180 1357 3267 pertinere
1424 3178 1798 3266 perhibeat.
1871 3178 2311 3266 Paragrapho
2373 3180 2506 3243 434
2552 3201 2818 3265 quoque

485 3308 596 3351 eos
655 3286 1059 3351 Macedones
1129 3285 1430 3373 appellat
1457 3284 1529 3372 ⁴).
1615 3284 1802 3362 Quae
1845 3286 2301 3373 repugnantia
2346 3309 2498 3351 mea
2544 3287 2820 3372 quidem

485 3393 822 3458 sententia
865 3394 994 3459 hoc
1038 3394 1239 3458 modo
1283 3392 1689 3480 explicanda
1735 3398 1855 3477 est,
1881 3394 2062 3479 quod
2086 3394 2217 3477 loci
2241 3416 2446 3480 supra
2465 3392 2821 3458 memorati

485 3506 798 3588 spectant
844 3500 931 3564 ad
978 3500 1246 3566 diversa
1289 3505 1617 3586 tempora.
1661 3499 1940 3565 Orestae
1980 3500 2162 3564 enim
2198 3499 2616 3587 temporibus
2656 3498 2820 3564 belli

483 3606 1041 3694 Peloponnesiaci
1090 3607 1174 3671 ad
1221 3612 1460 3693 gentes
1504 3606 1885 3693 Epiroticas
1929 3606 2403 3694 pertinuerunt
2439 3612 2517 3671 ut
2551 3605 2819 3693 Thucy-

485 3715 678 3780 dides
739 3715 800 3778 2.
849 3714 940 3779 80
1008 3719 1506 3779 commemorat.
1570 3713 1750 3779 Nam
1812 3736 1966 3779 cum
2024 3714 2137 3778 hic
2191 3718 2538 3778 enumeret
2581 3720 2820 3799 gentes

483 3822 680 3909 Epiri
725 3843 900 3907 quae
947 3843 1125 3886 anno
1170 3821 1301 3886 429
1348 3819 1749 3907 conjunctae
1792 3841 1949 3885 cum
1971 3821 2523 3886 Lacedaemoniis
2549 3822 2820 3908 expedi-

540 4115 588 4184 1)
628 4117 839 4171 Arrian.
877 4117 1048 4170 Anab.
1089 4118 1138 4170 1.
1177 4117 1224 4168 7.
1263 4116 1313 4170 5.
1355 4117 1555 4171 Strabo
1593 4117 1699 4170 326
1737 4120 1793 4170 et
1827 4116 1950 4170 434.
1986 4116 2100 4170 Liv.
2139 4116 2223 4169 42.
2264 4115 2350 4170 53.
2388 4116 2440 4169 5.

544 4205 591 4274 2)
631 4206 834 4260 Strabo
873 4205 977 4258 326
1017 4209 1073 4259 et
1108 4204 1230 4258 434.

539 4293 586 4363 3)
625 4294 817 4360 Polyb.
856 4294 943 4347 28.
981 4293 1030 4347 8.
1069 4294 1117 4347 3.
1160 4294 1360 4348 Strabo
1397 4294 1501 4347 327
1539 4298 1595 4348 et
1630 4295 1752 4349 329.
1793 4294 1875 4348 10.
1915 4294 2140 4348 Demits.
2180 4295 2246 4347 Π.
2288 4293 2391 4347 155
2428 4312 2548 4361 sqq.

539 4381 586 4441 4)
626 4382 826 4437 Strabo
865 4383 984 4436 326.
1024 4388 1315 4445 ’Ἠπειρῶται
1354 4381 1504 4432 δἐἷσί
1536 4425 1548 4436 .
1572 4423 1584 4436 .
1607 4424 1619 4437 .
1654 4382 1741 4432 καὶ
1775 4381 2017 4445 Ὀρέστου.
2057 4387 2113 4437 et
2148 4384 2180 4436 i.
2201 4384 2236 4435 f,
2275 4383 2362 4432 καῖ
2396 4382 2452 4439 δὴ
2491 4386 2574 4434 καὶ
2612 4386 2682 4433 τὰ
2716 4384 2823 4446 περὶ

486 4467 682 4533 Αύγκον
719 4472 806 4519 καὶ
840 4472 1149 4534 Πελαγονίαιν
1191 4470 1278 4519 καὶ
1315 4469 1606 4533 Ὀρεστιάδα
1645 4473 1728 4521 καὶ
1764 4471 2016 4534 Ἐλίμειαιν
2052 4473 2138 4529 τὴν
2175 4471 2269 4521 ἅνω
2288 4470 2586 4524 Μακεδονίαν
2611 4470 2823 4523 ἐκάλουν.
