<?xml version="1.0" encoding="UTF-8"?>
<!DOCTYPE html PUBLIC "-//W3C//DTD XHTML 1.0 Transitional//EN"
    "http://www.w3.org/TR/xhtml1/DTD/xhtml1-transitional.dtd">
<html xmlns="http://www.w3.org/1999/xhtml" xml:lang="en" lang="en">
 <head>
  <title>
</title>
<meta http-equiv="Content-Type" content="text/html;charset=utf-8" />
  <meta name='ocr-system' content='tesseract 3.04.00' />
  <meta name='ocr-capabilities' content='ocr_page ocr_carea ocr_par ocr_line ocrx_word'/>
</head>
<body>
  <div class='ocr_page' id='page_1' title='image "./definibusregnim01breegoog_0248.png"; bbox 0 0 3338 5350; ppageno 0'>
   <div class='ocr_carea' id='block_1_1' title="bbox 1705 535 1833 599">
    <p class='ocr_par' dir='ltr' id='par_1_1' title="bbox 1705 535 1833 599">
     <span class='ocr_line' id='line_1_1' title="bbox 1705 535 1833 599; baseline 0 0"><span class='ocrx_word' id='word_1_1' title='bbox 1705 535 1833 599; x_wconf 80' lang='lat'>158</span> 
     </span>
    </p>
   </div>
   <div class='ocr_carea' id='block_1_2' title="bbox 596 731 2939 816">
    <p class='ocr_par' dir='ltr' id='par_1_2' title="bbox 596 731 2939 816">
     <span class='ocr_line' id='line_1_2' title="bbox 596 731 2939 816; baseline 0.003 -22"><span class='ocrx_word' id='word_1_2' title='bbox 596 736 949 815; x_wconf 82' lang='lat' dir='ltr'>tamquam</span> <span class='ocrx_word' id='word_1_3' title='bbox 1009 731 1145 795; x_wconf 87' lang='lat' dir='ltr'>vici</span> <span class='ocrx_word' id='word_1_4' title='bbox 1191 731 1644 797; x_wconf 74' lang='lat' dir='ltr'>Demetriadis</span> <span class='ocrx_word' id='word_1_5' title='bbox 1690 732 2009 797; x_wconf 92' lang='lat' dir='ltr'>habenda</span> <span class='ocrx_word' id='word_1_6' title='bbox 2054 739 2212 798; x_wconf 86' lang='lat' dir='ltr'>sunt</span> <span class='ocrx_word' id='word_1_7' title='bbox 2237 734 2310 816; x_wconf 72' lang='grc'>1).</span> <span class='ocrx_word' id='word_1_8' title='bbox 2401 734 2494 798; x_wconf 85' lang='grc' dir='ltr'>Ε1</span> <span class='ocrx_word' id='word_1_9' title='bbox 2539 756 2679 800; x_wconf 93' lang='lat' dir='ltr'>non</span> <span class='ocrx_word' id='word_1_10' title='bbox 2722 735 2939 801; x_wconf 90' lang='lat' dir='ltr'>solum</span> 
     </span>
    </p>
   </div>
   <div class='ocr_carea' id='block_1_3' title="bbox 484 838 2943 926">
    <p class='ocr_par' dir='ltr' id='par_1_3' title="bbox 484 838 2943 926">
     <span class='ocr_line' id='line_1_3' title="bbox 484 838 2943 926; baseline 0.002 -23"><span class='ocrx_word' id='word_1_11' title='bbox 484 845 493 851; x_wconf 87' lang='grc'><em>’</em></span> <span class='ocrx_word' id='word_1_12' title='bbox 599 838 719 903; x_wconf 90' lang='lat' dir='ltr'>illa</span> <span class='ocrx_word' id='word_1_13' title='bbox 763 838 1036 925; x_wconf 91' lang='lat' dir='ltr'>oppida,</span> <span class='ocrx_word' id='word_1_14' title='bbox 1079 840 1280 903; x_wconf 90' lang='lat' dir='ltr'>etiam</span> <span class='ocrx_word' id='word_1_15' title='bbox 1328 842 1636 924; x_wconf 80' lang='lat' dir='ltr'>regiones</span> <span class='ocrx_word' id='word_1_16' title='bbox 1688 838 2235 926; x_wconf 84' lang='lat' dir='ltr'>Septentrionem</span> <span class='ocrx_word' id='word_1_17' title='bbox 2280 863 2513 906; x_wconf 85' lang='lat' dir='ltr'>versus</span> <span class='ocrx_word' id='word_1_18' title='bbox 2558 841 2824 908; x_wconf 90' lang='lat' dir='ltr'>Pelium</span> <span class='ocrx_word' id='word_1_19' title='bbox 2873 850 2943 908; x_wconf 90' lang='lat' dir='ltr'>et</span> 
     </span>
    </p>
   </div>
   <div class='ocr_carea' id='block_1_4' title="bbox 589 942 2943 3922">
    <p class='ocr_par' dir='ltr' id='par_1_4' title="bbox 596 942 2941 1350">
     <span class='ocr_line' id='line_1_4' title="bbox 600 942 2939 1033; baseline 0.002 -24"><span class='ocrx_word' id='word_1_20' title='bbox 600 942 787 1028; x_wconf 83' lang='lat' dir='ltr'>Ossa,</span> <span class='ocrx_word' id='word_1_21' title='bbox 859 945 1058 1010; x_wconf 88' lang='lat' dir='ltr'>vallis</span> <span class='ocrx_word' id='word_1_22' title='bbox 1126 946 1381 1033; x_wconf 87' lang='lat' dir='ltr'>Tempe</span> <span class='ocrx_word' id='word_1_23' title='bbox 1447 946 1868 1011; x_wconf 68' lang='lat' dir='ltr'>Demetriadi</span> <span class='ocrx_word' id='word_1_24' title='bbox 1941 946 2265 1031; x_wconf 86' lang='lat' dir='ltr'>adjuncta</span> <span class='ocrx_word' id='word_1_25' title='bbox 2333 955 2491 1011; x_wconf 89' lang='lat' dir='ltr'>sunt</span> <span class='ocrx_word' id='word_1_26' title='bbox 2529 950 2602 1022; x_wconf 87' lang='grc'>2).</span> <span class='ocrx_word' id='word_1_27' title='bbox 2707 948 2939 1013; x_wconf 86' lang='lat' dir='ltr'>Facile</span> 
     </span>
     <span class='ocr_line' id='line_1_5' title="bbox 598 1051 2941 1144; baseline 0.002 -29"><span class='ocrx_word' id='word_1_28' title='bbox 598 1051 726 1116; x_wconf 90' lang='lat' dir='ltr'>hac</span> <span class='ocrx_word' id='word_1_29' title='bbox 793 1052 958 1116; x_wconf 91' lang='lat' dir='ltr'>urbe</span> <span class='ocrx_word' id='word_1_30' title='bbox 1028 1051 1445 1117; x_wconf 81' lang='lat' dir='ltr'>Thessaliam</span> <span class='ocrx_word' id='word_1_31' title='bbox 1497 1053 1811 1119; x_wconf 90' lang='lat' dir='ltr'>cohibere</span> <span class='ocrx_word' id='word_1_32' title='bbox 1854 1055 2098 1140; x_wconf 87' lang='lat' dir='ltr'>potuit,</span> <span class='ocrx_word' id='word_1_33' title='bbox 2145 1075 2301 1118; x_wconf 88' lang='lat' dir='ltr'>cum</span> <span class='ocrx_word' id='word_1_34' title='bbox 2346 1055 2588 1119; x_wconf 91' lang='lat' dir='ltr'>eodem</span> <span class='ocrx_word' id='word_1_35' title='bbox 2634 1063 2941 1144; x_wconf 87' lang='lat' dir='ltr'>tempore</span> 
     </span>
     <span class='ocr_line' id='line_1_6' title="bbox 596 1158 2937 1247; baseline 0.002 -24"><span class='ocrx_word' id='word_1_36' title='bbox 596 1158 999 1247; x_wconf 86' lang='lat' dir='ltr'>paeninsula</span> <span class='ocrx_word' id='word_1_37' title='bbox 1065 1159 1419 1244; x_wconf 86' lang='lat' dir='ltr'>Magnesia</span> <span class='ocrx_word' id='word_1_38' title='bbox 1484 1161 1656 1224; x_wconf 89' lang='lat' dir='ltr'>mari</span> <span class='ocrx_word' id='word_1_39' title='bbox 1725 1160 1856 1225; x_wconf 91' lang='lat' dir='ltr'>illis</span> <span class='ocrx_word' id='word_1_40' title='bbox 1901 1160 1975 1224; x_wconf 93' lang='lat' dir='ltr'>in</span> <span class='ocrx_word' id='word_1_41' title='bbox 2018 1160 2405 1246; x_wconf 90' lang='lat' dir='ltr'>regionibus</span> <span class='ocrx_word' id='word_1_42' title='bbox 2455 1161 2937 1246; x_wconf 73' lang='lat' dir='ltr'>dominaretur,</span> 
     </span>
     <span class='ocr_line' id='line_1_7' title="bbox 599 1266 2776 1350; baseline 0.001 -20"><span class='ocrx_word' id='word_1_43' title='bbox 599 1287 753 1331; x_wconf 92' lang='lat' dir='ltr'>cum</span> <span class='ocrx_word' id='word_1_44' title='bbox 800 1266 994 1331; x_wconf 91' lang='lat' dir='ltr'>simul</span> <span class='ocrx_word' id='word_1_45' title='bbox 1037 1268 1316 1332; x_wconf 85' lang='lat' dir='ltr'>navium</span> <span class='ocrx_word' id='word_1_46' title='bbox 1364 1268 1563 1333; x_wconf 87' lang='lat' dir='ltr'>statio</span> <span class='ocrx_word' id='word_1_47' title='bbox 1609 1268 2045 1333; x_wconf 75' lang='lat' dir='ltr'>Demetriade</span> <span class='ocrx_word' id='word_1_48' title='bbox 2091 1269 2459 1333; x_wconf 87' lang='lat' dir='ltr'>constituta</span> <span class='ocrx_word' id='word_1_49' title='bbox 2506 1276 2678 1333; x_wconf 93' lang='lat' dir='ltr'>esset</span> <span class='ocrx_word' id='word_1_50' title='bbox 2705 1267 2776 1350; x_wconf 83' lang='lat'>3).</span> 
     </span>
    </p>

    <p class='ocr_par' dir='ltr' id='par_1_5' title="bbox 589 1372 2943 1998">
     <span class='ocr_line' id='line_1_8' title="bbox 685 1372 2940 1462; baseline 0.001 -25"><span class='ocrx_word' id='word_1_51' title='bbox 685 1372 882 1437; x_wconf 89' lang='lat' dir='ltr'>Bella</span> <span class='ocrx_word' id='word_1_52' title='bbox 908 1451 915 1462; x_wconf 28' lang='grc' dir='ltr'>ι</span> <span class='ocrx_word' id='word_1_53' title='bbox 942 1375 1262 1438; x_wconf 85' lang='grc'>60111111116</span> <span class='ocrx_word' id='word_1_54' title='bbox 1309 1396 1349 1438; x_wconf 91' lang='grc'>6</span> <span class='ocrx_word' id='word_1_55' title='bbox 1393 1374 1739 1439; x_wconf 91' lang='lat' dir='ltr'>Demetrio</span> <span class='ocrx_word' id='word_1_56' title='bbox 1785 1381 1979 1460; x_wconf 89' lang='lat' dir='ltr'>gesta</span> <span class='ocrx_word' id='word_1_57' title='bbox 2023 1382 2199 1459; x_wconf 87' lang='lat' dir='ltr'>sunt,</span> <span class='ocrx_word' id='word_1_58' title='bbox 2248 1375 2413 1438; x_wconf 90' lang='lat' dir='ltr'>dum</span> <span class='ocrx_word' id='word_1_59' title='bbox 2456 1396 2744 1461; x_wconf 91' lang='lat' dir='ltr'>regnum</span> <span class='ocrx_word' id='word_1_60' title='bbox 2792 1375 2940 1460; x_wconf 88' lang='lat' dir='ltr'>ejus</span> 
     </span>
     <span class='ocr_line' id='line_1_9' title="bbox 597 1480 2938 1568; baseline 0.001 -24"><span class='ocrx_word' id='word_1_61' title='bbox 597 1482 668 1545; x_wconf 94' lang='lat' dir='ltr'>in</span> <span class='ocrx_word' id='word_1_62' title='bbox 713 1480 989 1567; x_wconf 89' lang='lat' dir='ltr'>Europa</span> <span class='ocrx_word' id='word_1_63' title='bbox 1037 1482 1244 1563; x_wconf 87' lang='lat' dir='ltr'>stetit,</span> <span class='ocrx_word' id='word_1_64' title='bbox 1292 1483 1361 1545; x_wconf 80' lang='lat' dir='ltr'>et</span> <span class='ocrx_word' id='word_1_65' title='bbox 1406 1504 1560 1546; x_wconf 90' lang='lat' dir='ltr'>cum</span> <span class='ocrx_word' id='word_1_66' title='bbox 1606 1482 1878 1547; x_wconf 88' lang='lat' dir='ltr'>Boeotis</span> <span class='ocrx_word' id='word_1_67' title='bbox 1918 1504 2094 1568; x_wconf 90' lang='lat' dir='ltr'>quae</span> <span class='ocrx_word' id='word_1_68' title='bbox 2131 1482 2279 1566; x_wconf 87' lang='lat' dir='ltr'>jam</span> <span class='ocrx_word' id='word_1_69' title='bbox 2323 1481 2516 1547; x_wconf 89' lang='lat' dir='ltr'>initio</span> <span class='ocrx_word' id='word_1_70' title='bbox 2562 1482 2755 1567; x_wconf 90' lang='lat' dir='ltr'>regni</span> <span class='ocrx_word' id='word_1_71' title='bbox 2781 1483 2938 1546; x_wconf 90' lang='lat' dir='ltr'>sub-</span> 
     </span>
     <span class='ocr_line' id='line_1_10' title="bbox 589 1587 2943 1675; baseline 0.001 -23"><span class='ocrx_word' id='word_1_72' title='bbox 589 1587 755 1673; x_wconf 84' lang='lat' dir='ltr'>jecti</span> <span class='ocrx_word' id='word_1_73' title='bbox 827 1588 1069 1652; x_wconf 88' lang='lat' dir='ltr'>iterum</span> <span class='ocrx_word' id='word_1_74' title='bbox 1138 1594 1343 1674; x_wconf 88' lang='lat' dir='ltr'>atque</span> <span class='ocrx_word' id='word_1_75' title='bbox 1409 1590 1656 1653; x_wconf 90' lang='lat' dir='ltr'>iterum</span> <span class='ocrx_word' id='word_1_76' title='bbox 1725 1590 2104 1673; x_wconf 88' lang='lat' dir='ltr'>insurgunt,</span> <span class='ocrx_word' id='word_1_77' title='bbox 2142 1590 2244 1664; x_wconf 54' lang='lat' dir='ltr'>⁴et</span> <span class='ocrx_word' id='word_1_78' title='bbox 2311 1611 2464 1654; x_wconf 89' lang='lat' dir='ltr'>cum</span> <span class='ocrx_word' id='word_1_79' title='bbox 2532 1587 2796 1675; x_wconf 88' lang='lat' dir='ltr'>Pyrrho</span> <span class='ocrx_word' id='word_1_80' title='bbox 2869 1596 2943 1654; x_wconf 88' lang='lat' dir='ltr'>et</span> 
     </span>
     <span class='ocr_line' id='line_1_11' title="bbox 595 1694 2941 1782; baseline 0 -23"><span class='ocrx_word' id='word_1_81' title='bbox 595 1694 874 1760; x_wconf 84' lang='lat' dir='ltr'>Aetolis.</span> <span class='ocrx_word' id='word_1_82' title='bbox 948 1694 1076 1759; x_wconf 90' lang='lat' dir='ltr'>Vel</span> <span class='ocrx_word' id='word_1_83' title='bbox 1145 1696 1643 1782; x_wconf 85' lang='lat' dir='ltr'>expeditionem</span> <span class='ocrx_word' id='word_1_84' title='bbox 1706 1695 1868 1760; x_wconf 85' lang='lat' dir='ltr'>fecit</span> <span class='ocrx_word' id='word_1_85' title='bbox 1909 1702 1979 1760; x_wconf 88' lang='lat' dir='ltr'>in</span> <span class='ocrx_word' id='word_1_86' title='bbox 2025 1696 2412 1761; x_wconf 76' lang='lat' dir='ltr'>Leucadem</span> <span class='ocrx_word' id='word_1_87' title='bbox 2459 1702 2528 1760; x_wconf 91' lang='lat' dir='ltr'>et</span> <span class='ocrx_word' id='word_1_88' title='bbox 2574 1696 2941 1782; x_wconf 75' lang='lat' dir='ltr'>Corcyram</span> 
     </span>
     <span class='ocr_line' id='line_1_12' title="bbox 595 1801 2938 1889; baseline 0.001 -23"><span class='ocrx_word' id='word_1_89' title='bbox 595 1801 851 1867; x_wconf 88' lang='lat' dir='ltr'>insulas</span> <span class='ocrx_word' id='word_1_90' title='bbox 899 1812 985 1869; x_wconf 82' lang='lat' dir='ltr'>a0.</span> <span class='ocrx_word' id='word_1_91' title='bbox 1033 1802 1167 1867; x_wconf 80' lang='lat'>290</span> <span class='ocrx_word' id='word_1_92' title='bbox 1211 1801 1353 1867; x_wconf 85' lang='lat' dir='ltr'>fere</span> <span class='ocrx_word' id='word_1_93' title='bbox 1380 1802 1454 1889; x_wconf 82' lang='lat'>4),</span> <span class='ocrx_word' id='word_1_94' title='bbox 1509 1803 1655 1888; x_wconf 83' lang='lat' dir='ltr'>jam</span> <span class='ocrx_word' id='word_1_95' title='bbox 1700 1804 1891 1868; x_wconf 83' lang='lat' dir='ltr'>initio</span> <span class='ocrx_word' id='word_1_96' title='bbox 1936 1805 2129 1888; x_wconf 90' lang='lat' dir='ltr'>regni</span> <span class='ocrx_word' id='word_1_97' title='bbox 2175 1810 2456 1869; x_wconf 87' lang='lat' dir='ltr'>conatus</span> <span class='ocrx_word' id='word_1_98' title='bbox 2504 1810 2605 1867; x_wconf 90' lang='lat' dir='ltr'>est</span> <span class='ocrx_word' id='word_1_99' title='bbox 2653 1804 2938 1888; x_wconf 86' lang='lat' dir='ltr'>aggredi</span> 
     </span>
     <span class='ocr_line' id='line_1_13' title="bbox 597 1912 1098 1998; baseline -0.002 -22"><span class='ocrx_word' id='word_1_100' title='bbox 597 1912 1098 1998; x_wconf 82' lang='lat' dir='ltr'>Lysimachum.</span> 
     </span>
    </p>

    <p class='ocr_par' dir='ltr' id='par_1_6' title="bbox 589 2017 2941 3922">
     <span class='ocr_line' id='line_1_14' title="bbox 688 2017 2940 2103; baseline -0 -19"><span class='ocrx_word' id='word_1_101' title='bbox 688 2018 824 2084; x_wconf 84' lang='lat' dir='ltr'>Sed</span> <span class='ocrx_word' id='word_1_102' title='bbox 892 2018 1151 2084; x_wconf 89' lang='lat' dir='ltr'>bellum</span> <span class='ocrx_word' id='word_1_103' title='bbox 1221 2020 1397 2103; x_wconf 91' lang='lat' dir='ltr'>quod</span> <span class='ocrx_word' id='word_1_104' title='bbox 1489 2020 1736 2083; x_wconf 82' lang='lat' dir='ltr'>exarsit</span> <span class='ocrx_word' id='word_1_105' title='bbox 1806 2040 1984 2083; x_wconf 94' lang='lat' dir='ltr'>anno</span> <span class='ocrx_word' id='word_1_106' title='bbox 2054 2020 2185 2084; x_wconf 82' lang='lat'>289</span> <span class='ocrx_word' id='word_1_107' title='bbox 2275 2019 2453 2083; x_wconf 88' lang='lat' dir='ltr'>inter</span> <span class='ocrx_word' id='word_1_108' title='bbox 2519 2017 2796 2083; x_wconf 82' lang='lat' dir='ltr'>Aetolos</span> <span class='ocrx_word' id='word_1_109' title='bbox 2867 2025 2940 2083; x_wconf 89' lang='lat' dir='ltr'>et</span> 
     </span>
     <span class='ocr_line' id='line_1_15' title="bbox 596 2123 2939 2212; baseline 0 -21"><span class='ocrx_word' id='word_1_110' title='bbox 596 2127 1020 2192; x_wconf 82' lang='lat' dir='ltr'>Demetrium</span> <span class='ocrx_word' id='word_1_111' title='bbox 1088 2148 1289 2191; x_wconf 92' lang='lat' dir='ltr'>causa</span> <span class='ocrx_word' id='word_1_112' title='bbox 1359 2125 1676 2191; x_wconf 88' lang='lat' dir='ltr'>interitus</span> <span class='ocrx_word' id='word_1_113' title='bbox 1747 2124 1890 2211; x_wconf 85' lang='lat' dir='ltr'>ejus</span> <span class='ocrx_word' id='word_1_114' title='bbox 1953 2124 2103 2190; x_wconf 86' lang='lat' dir='ltr'>fuit.</span> <span class='ocrx_word' id='word_1_115' title='bbox 2194 2123 2423 2191; x_wconf 90' lang='lat' dir='ltr'>Aetoli</span> <span class='ocrx_word' id='word_1_116' title='bbox 2494 2148 2533 2190; x_wconf 88' lang='lat' dir='ltr'>a</span> <span class='ocrx_word' id='word_1_117' title='bbox 2578 2147 2739 2212; x_wconf 90' lang='lat' dir='ltr'>rege</span> <span class='ocrx_word' id='word_1_118' title='bbox 2791 2126 2939 2191; x_wconf 89' lang='lat' dir='ltr'>acie</span> 
     </span>
     <span class='ocr_line' id='line_1_16' title="bbox 596 2232 2940 2320; baseline 0 -22"><span class='ocrx_word' id='word_1_119' title='bbox 596 2235 758 2298; x_wconf 83' lang='lat' dir='ltr'>victi</span> <span class='ocrx_word' id='word_1_120' title='bbox 829 2234 1105 2320; x_wconf 89' lang='lat' dir='ltr'>quidem</span> <span class='ocrx_word' id='word_1_121' title='bbox 1166 2239 1343 2317; x_wconf 89' lang='lat' dir='ltr'>sunt,</span> <span class='ocrx_word' id='word_1_122' title='bbox 1416 2232 1533 2297; x_wconf 91' lang='lat' dir='ltr'>sed</span> <span class='ocrx_word' id='word_1_123' title='bbox 1605 2234 1690 2297; x_wconf 89' lang='lat' dir='ltr'>ab</span> <span class='ocrx_word' id='word_1_124' title='bbox 1765 2232 1979 2298; x_wconf 88' lang='lat' dir='ltr'>altera</span> <span class='ocrx_word' id='word_1_125' title='bbox 2042 2239 2240 2320; x_wconf 88' lang='lat' dir='ltr'>parte</span> <span class='ocrx_word' id='word_1_126' title='bbox 2306 2239 2580 2319; x_wconf 87' lang='lat' dir='ltr'>praetor</span> <span class='ocrx_word' id='word_1_127' title='bbox 2647 2234 2791 2318; x_wconf 87' lang='lat' dir='ltr'>ejus</span> <span class='ocrx_word' id='word_1_128' title='bbox 2860 2234 2940 2298; x_wconf 89' lang='lat' dir='ltr'>in</span> 
     </span>
     <span class='ocr_line' id='line_1_17' title="bbox 596 2338 2937 2427; baseline 0 -23"><span class='ocrx_word' id='word_1_129' title='bbox 596 2341 881 2427; x_wconf 90' lang='lat' dir='ltr'>Epirum</span> <span class='ocrx_word' id='word_1_130' title='bbox 974 2347 1209 2406; x_wconf 89' lang='lat' dir='ltr'>contra</span> <span class='ocrx_word' id='word_1_131' title='bbox 1297 2339 1655 2426; x_wconf 89' lang='lat' dir='ltr'>Pyrrhum,</span> <span class='ocrx_word' id='word_1_132' title='bbox 1726 2338 2124 2404; x_wconf 89' lang='lat' dir='ltr'>Aetolorum</span> <span class='ocrx_word' id='word_1_133' title='bbox 2216 2340 2490 2423; x_wconf 90' lang='lat' dir='ltr'>socium,</span> <span class='ocrx_word' id='word_1_134' title='bbox 2567 2339 2937 2427; x_wconf 82' lang='lat' dir='ltr'>profectuS,</span> 
     </span>
     <span class='ocr_line' id='line_1_18' title="bbox 595 2445 2940 2536; baseline 0 -25"><span class='ocrx_word' id='word_1_135' title='bbox 595 2448 938 2536; x_wconf 87' lang='lat' dir='ltr'>repulsam</span> <span class='ocrx_word' id='word_1_136' title='bbox 1005 2448 1165 2513; x_wconf 90' lang='lat' dir='ltr'>tulit</span> <span class='ocrx_word' id='word_1_137' title='bbox 1237 2454 1303 2512; x_wconf 87' lang='lat' dir='ltr'>et</span> <span class='ocrx_word' id='word_1_138' title='bbox 1372 2446 1567 2511; x_wconf 91' lang='lat' dir='ltr'>clade</span> <span class='ocrx_word' id='word_1_139' title='bbox 1636 2445 1919 2511; x_wconf 87' lang='lat' dir='ltr'>affectus</span> <span class='ocrx_word' id='word_1_140' title='bbox 1966 2455 2083 2511; x_wconf 91' lang='lat' dir='ltr'>est.</span> <span class='ocrx_word' id='word_1_141' title='bbox 2175 2446 2365 2511; x_wconf 92' lang='lat' dir='ltr'>Haec</span> <span class='ocrx_word' id='word_1_142' title='bbox 2409 2469 2515 2512; x_wconf 89' lang='lat' dir='ltr'>res</span> <span class='ocrx_word' id='word_1_143' title='bbox 2566 2447 2940 2512; x_wconf 89' lang='lat' dir='ltr'>admodum</span> 
     </span>
     <span class='ocr_line' id='line_1_19' title="bbox 595 2554 2941 2641; baseline -0.001 -21"><span class='ocrx_word' id='word_1_144' title='bbox 595 2557 935 2621; x_wconf 86' lang='lat' dir='ltr'>imminuit</span> <span class='ocrx_word' id='word_1_145' title='bbox 1004 2556 1475 2620; x_wconf 87' lang='lat' dir='ltr'>auctoritatem</span> <span class='ocrx_word' id='word_1_146' title='bbox 1542 2556 1720 2640; x_wconf 92' lang='lat' dir='ltr'>regis</span> <span class='ocrx_word' id='word_1_147' title='bbox 1789 2576 1962 2641; x_wconf 90' lang='lat' dir='ltr'>quae</span> <span class='ocrx_word' id='word_1_148' title='bbox 2002 2554 2148 2639; x_wconf 89' lang='lat' dir='ltr'>jam</span> <span class='ocrx_word' id='word_1_149' title='bbox 2195 2554 2484 2620; x_wconf 88' lang='lat' dir='ltr'>antehac</span> <span class='ocrx_word' id='word_1_150' title='bbox 2540 2554 2615 2618; x_wconf 91' lang='lat' dir='ltr'>in</span> <span class='ocrx_word' id='word_1_151' title='bbox 2662 2575 2739 2618; x_wconf 91' lang='lat' dir='ltr'>eo</span> <span class='ocrx_word' id='word_1_152' title='bbox 2788 2560 2941 2619; x_wconf 89' lang='lat' dir='ltr'>erat</span> 
     </span>
     <span class='ocr_line' id='line_1_20' title="bbox 594 2660 2941 2750; baseline -0.001 -22"><span class='ocrx_word' id='word_1_153' title='bbox 594 2669 675 2728; x_wconf 91' lang='grc'>111</span> <span class='ocrx_word' id='word_1_154' title='bbox 719 2662 1184 2746; x_wconf 86' lang='lat' dir='ltr'>collaberetur,</span> <span class='ocrx_word' id='word_1_155' title='bbox 1230 2663 1626 2750; x_wconf 88' lang='lat' dir='ltr'>praesertim</span> <span class='ocrx_word' id='word_1_156' title='bbox 1671 2669 1950 2750; x_wconf 87' lang='lat' dir='ltr'>propter</span> <span class='ocrx_word' id='word_1_157' title='bbox 2006 2663 2327 2727; x_wconf 88' lang='lat' dir='ltr'>continua</span> <span class='ocrx_word' id='word_1_158' title='bbox 2370 2660 2554 2727; x_wconf 90' lang='lat' dir='ltr'>bella</span> <span class='ocrx_word' id='word_1_159' title='bbox 2612 2662 2742 2749; x_wconf 90' lang='lat' dir='ltr'>ipsi</span> <span class='ocrx_word' id='word_1_160' title='bbox 2790 2661 2941 2726; x_wconf 88' lang='lat' dir='ltr'>Ma-</span> 
     </span>
     <span class='ocr_line' id='line_1_21' title="bbox 596 2767 2937 2854; baseline -0.001 -19"><span class='ocrx_word' id='word_1_161' title='bbox 596 2771 920 2836; x_wconf 88' lang='lat' dir='ltr'>cedoniae</span> <span class='ocrx_word' id='word_1_162' title='bbox 987 2791 1240 2854; x_wconf 90' lang='lat' dir='ltr'>magna</span> <span class='ocrx_word' id='word_1_163' title='bbox 1326 2770 1774 2851; x_wconf 89' lang='lat' dir='ltr'>incommoda,</span> <span class='ocrx_word' id='word_1_164' title='bbox 1870 2767 2131 2833; x_wconf 85' lang='lat' dir='ltr'>nullam</span> <span class='ocrx_word' id='word_1_165' title='bbox 2197 2769 2487 2854; x_wconf 90' lang='lat' dir='ltr'>gloriam</span> <span class='ocrx_word' id='word_1_166' title='bbox 2555 2768 2937 2834; x_wconf 87' lang='lat' dir='ltr'>afferentia.</span> 
     </span>
     <span class='ocr_line' id='line_1_22' title="bbox 595 2874 2940 2965; baseline -0.002 -23"><span class='ocrx_word' id='word_1_167' title='bbox 595 2878 883 2965; x_wconf 89' lang='lat' dir='ltr'>Insuper</span> <span class='ocrx_word' id='word_1_168' title='bbox 947 2878 1145 2942; x_wconf 88' lang='lat' dir='ltr'>luxus</span> <span class='ocrx_word' id='word_1_169' title='bbox 1207 2877 1402 2941; x_wconf 91' lang='lat' dir='ltr'>aulae</span> <span class='ocrx_word' id='word_1_170' title='bbox 1457 2876 1708 2961; x_wconf 90' lang='lat' dir='ltr'>regiae,</span> <span class='ocrx_word' id='word_1_171' title='bbox 1758 2874 2074 2963; x_wconf 90' lang='lat' dir='ltr'>superbia</span> <span class='ocrx_word' id='word_1_172' title='bbox 2100 2877 2314 2961; x_wconf 87' lang='lat' dir='ltr'>-regis,</span> <span class='ocrx_word' id='word_1_173' title='bbox 2362 2874 2663 2940; x_wconf 86' lang='lat' dir='ltr'>difficilis</span> <span class='ocrx_word' id='word_1_174' title='bbox 2711 2875 2940 2940; x_wconf 89' lang='lat' dir='ltr'>aditus</span> 
     </span>
     <span class='ocr_line' id='line_1_23' title="bbox 596 2981 2940 3068; baseline -0 -19"><span class='ocrx_word' id='word_1_175' title='bbox 596 2990 700 3049; x_wconf 89' lang='lat' dir='ltr'>tot</span> <span class='ocrx_word' id='word_1_176' title='bbox 745 3005 987 3049; x_wconf 90' lang='lat' dir='ltr'>causae</span> <span class='ocrx_word' id='word_1_177' title='bbox 1033 2983 1338 3048; x_wconf 89' lang='lat' dir='ltr'>odiorum</span> <span class='ocrx_word' id='word_1_178' title='bbox 1376 2982 1451 3046; x_wconf 89' lang='lat' dir='ltr'>in</span> <span class='ocrx_word' id='word_1_179' title='bbox 1495 3005 1649 3047; x_wconf 91' lang='lat' dir='ltr'>eum</span> <span class='ocrx_word' id='word_1_180' title='bbox 1695 2981 1992 3048; x_wconf 82' lang='lat' dir='ltr'>fuerunt.</span> <span class='ocrx_word' id='word_1_181' title='bbox 2038 2983 2282 3068; x_wconf 89' lang='lat' dir='ltr'>Itaque</span> <span class='ocrx_word' id='word_1_182' title='bbox 2326 3003 2480 3048; x_wconf 90' lang='lat' dir='ltr'>cum</span> <span class='ocrx_word' id='word_1_183' title='bbox 2524 2984 2598 3047; x_wconf 91' lang='lat' dir='ltr'>in</span> <span class='ocrx_word' id='word_1_184' title='bbox 2621 2983 2940 3048; x_wconf 90' lang='lat' dir='ltr'>morbum</span> 
     </span>
     <span class='ocr_line' id='line_1_24' title="bbox 596 3088 2940 3175; baseline -0 -20"><span class='ocrx_word' id='word_1_185' title='bbox 596 3091 961 3173; x_wconf 90' lang='lat' dir='ltr'>incidisset,</span> <span class='ocrx_word' id='word_1_186' title='bbox 1032 3090 1335 3175; x_wconf 84' lang='lat' dir='ltr'>Pyrrhus</span> <span class='ocrx_word' id='word_1_187' title='bbox 1404 3096 1684 3155; x_wconf 89' lang='lat' dir='ltr'>conatus</span> <span class='ocrx_word' id='word_1_188' title='bbox 1746 3096 1847 3155; x_wconf 89' lang='lat' dir='ltr'>est</span> <span class='ocrx_word' id='word_1_189' title='bbox 1893 3090 2219 3155; x_wconf 87' lang='lat' dir='ltr'>invadere</span> <span class='ocrx_word' id='word_1_190' title='bbox 2261 3088 2751 3173; x_wconf 86' lang='lat' dir='ltr'>Macedoniam,</span> <span class='ocrx_word' id='word_1_191' title='bbox 2808 3111 2940 3154; x_wconf 93' lang='lat' dir='ltr'>nec</span> 
     </span>
     <span class='ocr_line' id='line_1_25' title="bbox 596 3196 2940 3285; baseline -0.001 -22"><span class='ocrx_word' id='word_1_192' title='bbox 596 3205 826 3263; x_wconf 90' lang='lat' dir='ltr'>tamen</span> <span class='ocrx_word' id='word_1_193' title='bbox 872 3197 1220 3263; x_wconf 89' lang='lat' dir='ltr'>Demetrio</span> <span class='ocrx_word' id='word_1_194' title='bbox 1263 3219 1390 3285; x_wconf 88' lang='lat' dir='ltr'>par</span> <span class='ocrx_word' id='word_1_195' title='bbox 1435 3203 1597 3262; x_wconf 88' lang='lat' dir='ltr'>erat.</span> <span class='ocrx_word' id='word_1_196' title='bbox 1691 3196 2064 3284; x_wconf 77' lang='lat' dir='ltr'>Repulsam</span> <span class='ocrx_word' id='word_1_197' title='bbox 2113 3196 2272 3262; x_wconf 89' lang='lat' dir='ltr'>tulit</span> <span class='ocrx_word' id='word_1_198' title='bbox 2327 3197 2632 3284; x_wconf 86' lang='lat' dir='ltr'>Epirota,</span> <span class='ocrx_word' id='word_1_199' title='bbox 2679 3197 2940 3261; x_wconf 84' lang='lat' dir='ltr'>reverti</span> 
     </span>
     <span class='ocr_line' id='line_1_26' title="bbox 596 3303 2940 3392; baseline -0.001 -22"><span class='ocrx_word' id='word_1_200' title='bbox 596 3312 665 3371; x_wconf 89' lang='lat' dir='ltr'>et</span> <span class='ocrx_word' id='word_1_201' title='bbox 709 3327 949 3392; x_wconf 91' lang='lat' dir='ltr'>pacem</span> <span class='ocrx_word' id='word_1_202' title='bbox 993 3303 1216 3369; x_wconf 86' lang='lat' dir='ltr'>facere</span> <span class='ocrx_word' id='word_1_203' title='bbox 1263 3324 1417 3368; x_wconf 89' lang='lat' dir='ltr'>cum</span> <span class='ocrx_word' id='word_1_204' title='bbox 1462 3303 1810 3370; x_wconf 88' lang='lat' dir='ltr'>Demetrio</span> <span class='ocrx_word' id='word_1_205' title='bbox 1858 3310 2127 3369; x_wconf 83' lang='lat' dir='ltr'>coactus</span> <span class='ocrx_word' id='word_1_206' title='bbox 2175 3311 2294 3383; x_wconf 88' lang='lat' dir='ltr'>est,</span> <span class='ocrx_word' id='word_1_207' title='bbox 2344 3304 2462 3389; x_wconf 89' lang='lat' dir='ltr'>qui</span> <span class='ocrx_word' id='word_1_208' title='bbox 2501 3310 2727 3368; x_wconf 87' lang='lat' dir='ltr'>autem</span> <span class='ocrx_word' id='word_1_209' title='bbox 2750 3325 2940 3368; x_wconf 90' lang='lat' dir='ltr'>nunc</span> 
     </span>
     <span class='ocr_line' id='line_1_27' title="bbox 601 3409 2938 3499; baseline 0 -23"><span class='ocrx_word' id='word_1_210' title='bbox 601 3413 659 3476; x_wconf 91' lang='lat' dir='ltr'>ei</span> <span class='ocrx_word' id='word_1_211' title='bbox 721 3411 992 3499; x_wconf 91' lang='lat' dir='ltr'>publice</span> <span class='ocrx_word' id='word_1_212' title='bbox 1040 3410 1440 3476; x_wconf 89' lang='lat' dir='ltr'>concessisse</span> <span class='ocrx_word' id='word_1_213' title='bbox 1486 3409 1761 3475; x_wconf 85' lang='lat' dir='ltr'>videtur</span> <span class='ocrx_word' id='word_1_214' title='bbox 1796 3411 2181 3497; x_wconf 88' lang='lat' dir='ltr'>provincias</span> <span class='ocrx_word' id='word_1_215' title='bbox 2221 3409 2669 3476; x_wconf 87' lang='lat' dir='ltr'>occidentales</span> <span class='ocrx_word' id='word_1_216' title='bbox 2717 3411 2802 3476; x_wconf 91' lang='lat' dir='ltr'>ab</span> <span class='ocrx_word' id='word_1_217' title='bbox 2853 3432 2938 3476; x_wconf 92' lang='lat' dir='ltr'>eo</span> 
     </span>
     <span class='ocr_line' id='line_1_28' title="bbox 589 3518 2940 3606; baseline -0 -22"><span class='ocrx_word' id='word_1_218' title='bbox 589 3519 735 3604; x_wconf 86' lang='lat' dir='ltr'>jam</span> <span class='ocrx_word' id='word_1_219' title='bbox 801 3519 964 3583; x_wconf 89' lang='lat' dir='ltr'>inde</span> <span class='ocrx_word' id='word_1_220' title='bbox 1033 3518 1117 3583; x_wconf 92' lang='lat' dir='ltr'>ab</span> <span class='ocrx_word' id='word_1_221' title='bbox 1187 3538 1365 3582; x_wconf 94' lang='lat' dir='ltr'>anno</span> <span class='ocrx_word' id='word_1_222' title='bbox 1414 3518 1546 3581; x_wconf 79' lang='lat'>294</span> <span class='ocrx_word' id='word_1_223' title='bbox 1614 3527 1995 3606; x_wconf 91' lang='lat' dir='ltr'>occupatas.</span> <span class='ocrx_word' id='word_1_224' title='bbox 2087 3518 2648 3606; x_wconf 88' lang='lat' dir='ltr'>Praeparationes</span> <span class='ocrx_word' id='word_1_225' title='bbox 2704 3523 2940 3583; x_wconf 89' lang='lat' dir='ltr'>autem</span> 
     </span>
     <span class='ocr_line' id='line_1_29' title="bbox 594 3622 2939 3712; baseline 0 -23"><span class='ocrx_word' id='word_1_226' title='bbox 594 3626 963 3691; x_wconf 88' lang='lat' dir='ltr'>immensae</span> <span class='ocrx_word' id='word_1_227' title='bbox 1008 3624 1455 3712; x_wconf 79' lang='lat' dir='ltr'>expeditionis</span> <span class='ocrx_word' id='word_1_228' title='bbox 1496 3646 1701 3710; x_wconf 88' lang='lat' dir='ltr'>quam</span> <span class='ocrx_word' id='word_1_229' title='bbox 1746 3631 1981 3690; x_wconf 89' lang='lat' dir='ltr'>contra</span> <span class='ocrx_word' id='word_1_230' title='bbox 2025 3622 2264 3689; x_wconf 89' lang='lat' dir='ltr'>Asiam</span> <span class='ocrx_word' id='word_1_231' title='bbox 2314 3623 2539 3688; x_wconf 88' lang='lat' dir='ltr'>facere</span> <span class='ocrx_word' id='word_1_232' title='bbox 2584 3624 2657 3688; x_wconf 91' lang='lat' dir='ltr'>in</span> <span class='ocrx_word' id='word_1_233' title='bbox 2705 3624 2939 3690; x_wconf 83' lang='lat' dir='ltr'>animo</span> 
     </span>
     <span class='ocr_line' id='line_1_30' title="bbox 595 3728 2939 3818; baseline -0 -21"><span class='ocrx_word' id='word_1_234' title='bbox 595 3732 893 3798; x_wconf 89' lang='lat' dir='ltr'>habebat</span> <span class='ocrx_word' id='word_1_235' title='bbox 936 3731 1331 3815; x_wconf 89' lang='lat' dir='ltr'>Poliorceta‚</span> <span class='ocrx_word' id='word_1_236' title='bbox 1380 3731 1621 3797; x_wconf 88' lang='lat' dir='ltr'>classes</span> <span class='ocrx_word' id='word_1_237' title='bbox 1687 3754 1859 3818; x_wconf 89' lang='lat' dir='ltr'>quae</span> <span class='ocrx_word' id='word_1_238' title='bbox 1905 3732 1979 3796; x_wconf 89' lang='lat' dir='ltr'>in</span> <span class='ocrx_word' id='word_1_239' title='bbox 2024 3732 2283 3814; x_wconf 90' lang='lat' dir='ltr'>Pirae0,</span> <span class='ocrx_word' id='word_1_240' title='bbox 2353 3728 2680 3813; x_wconf 83' lang='lat' dir='ltr'>Corinthi,</span> <span class='ocrx_word' id='word_1_241' title='bbox 2731 3728 2939 3796; x_wconf 82' lang='lat' dir='ltr'>Chal-</span> 
     </span>
     <span class='ocr_line' id='line_1_31' title="bbox 594 3838 2939 3922; baseline -0 -18"><span class='ocrx_word' id='word_1_242' title='bbox 594 3840 743 3905; x_wconf 93' lang='lat' dir='ltr'>cide</span> <span class='ocrx_word' id='word_1_243' title='bbox 790 3847 856 3904; x_wconf 94' lang='lat' dir='ltr'>et</span> <span class='ocrx_word' id='word_1_244' title='bbox 896 3838 1129 3903; x_wconf 90' lang='lat' dir='ltr'>Pellae</span> <span class='ocrx_word' id='word_1_245' title='bbox 1172 3838 1605 3921; x_wconf 88' lang='lat' dir='ltr'>ornabantur,</span> <span class='ocrx_word' id='word_1_246' title='bbox 1677 3840 1989 3904; x_wconf 88' lang='lat' dir='ltr'>immanis</span> <span class='ocrx_word' id='word_1_247' title='bbox 2052 3838 2380 3903; x_wconf 85' lang='lat' dir='ltr'>exercitus</span> <span class='ocrx_word' id='word_1_248' title='bbox 2429 3839 2541 3922; x_wconf 91' lang='lat' dir='ltr'>qui</span> <span class='ocrx_word' id='word_1_249' title='bbox 2588 3839 2939 3922; x_wconf 90' lang='lat' dir='ltr'>cogendus</span> 
     </span>
    </p>
   </div>
   <div class='ocr_carea' id='block_1_5' title="bbox 601 3976 1024 3985">
    <p class='ocr_par' dir='ltr' id='par_1_7' title="bbox 601 3976 1024 3985">
     <span class='ocr_line' id='line_1_32' title="bbox 601 3976 1024 3985; baseline 0 1365"><span class='ocrx_word' id='word_1_250' title='bbox 601 3976 1024 3985; x_wconf 95' lang='lat' dir='ltr'> </span> 
     </span>
    </p>
   </div>
   <div class='ocr_carea' id='block_1_6' title="bbox 649 4062 2942 4218">
    <p class='ocr_par' dir='ltr' id='par_1_8' title="bbox 649 4062 2942 4218">
     <span class='ocr_line' id='line_1_33' title="bbox 650 4062 1599 4128; baseline -0.003 -9"><span class='ocrx_word' id='word_1_251' title='bbox 650 4063 700 4128; x_wconf 76' lang='grc'>1)</span> <span class='ocrx_word' id='word_1_252' title='bbox 740 4064 940 4119; x_wconf 76' lang='lat' dir='ltr'>Strabo</span> <span class='ocrx_word' id='word_1_253' title='bbox 978 4064 1098 4117; x_wconf 84' lang='lat'>436.</span> <span class='ocrx_word' id='word_1_254' title='bbox 1137 4063 1283 4116; x_wconf 85' lang='lat' dir='ltr'>Plut.</span> <span class='ocrx_word' id='word_1_255' title='bbox 1322 4063 1476 4116; x_wconf 83' lang='lat' dir='ltr'>Dem.</span> <span class='ocrx_word' id='word_1_256' title='bbox 1514 4062 1599 4117; x_wconf 84' lang='lat'>53.</span> 
     </span>
     <span class='ocr_line' id='line_1_34' title="bbox 649 4149 2942 4218; baseline -0.003 -11"><span class='ocrx_word' id='word_1_257' title='bbox 649 4154 699 4218; x_wconf 80' lang='grc'>2)</span> <span class='ocrx_word' id='word_1_258' title='bbox 738 4153 938 4207; x_wconf 74' lang='lat' dir='ltr'>Strabo</span> <span class='ocrx_word' id='word_1_259' title='bbox 974 4153 1048 4207; x_wconf 89' lang='lat' dir='ltr'>l.l.</span> <span class='ocrx_word' id='word_1_260' title='bbox 1087 4151 1344 4214; x_wconf 75' lang='grc' dir='ltr'><strong><em>ἐπεκράτει</em></strong></span> <span class='ocrx_word' id='word_1_261' title='bbox 1382 4150 1435 4201; x_wconf 75' lang='grc' dir='ltr'>δὲ</span> <span class='ocrx_word' id='word_1_262' title='bbox 1470 4151 1558 4200; x_wconf 73' lang='grc' dir='ltr'>καὶ</span> <span class='ocrx_word' id='word_1_263' title='bbox 1596 4156 1692 4201; x_wconf 72' lang='grc' dir='ltr'>τῶν</span> <span class='ocrx_word' id='word_1_264' title='bbox 1728 4157 1935 4214; x_wconf 72' lang='grc' dir='ltr'><em>Τεμπῶν</em></span> <span class='ocrx_word' id='word_1_265' title='bbox 1970 4151 2056 4203; x_wconf 73' lang='grc' dir='ltr'>καὶ</span> <span class='ocrx_word' id='word_1_266' title='bbox 2091 4158 2186 4202; x_wconf 77' lang='grc' dir='ltr'>τῶν</span> <span class='ocrx_word' id='word_1_267' title='bbox 2211 4153 2321 4215; x_wconf 75' lang='grc' dir='ltr'>ὀρῶν</span> <span class='ocrx_word' id='word_1_268' title='bbox 2341 4150 2540 4214; x_wconf 73' lang='grc' dir='ltr'>ἀμφοῖν,</span> <span class='ocrx_word' id='word_1_269' title='bbox 2557 4149 2711 4215; x_wconf 73' lang='grc' dir='ltr'><strong><em>ὥσπερ</em></strong></span> <span class='ocrx_word' id='word_1_270' title='bbox 2727 4149 2942 4213; x_wconf 60' lang='grc' dir='ltr'>εἴρηται,</span> 
     </span>
    </p>
   </div>
   <div class='ocr_carea' id='block_1_7' title="bbox 596 4239 2940 4387">
    <p class='ocr_par' dir='ltr' id='par_1_9' title="bbox 596 4239 2940 4387">
     <span class='ocr_line' id='line_1_35' title="bbox 597 4239 2940 4302; baseline -0.003 -4"><span class='ocrx_word' id='word_1_271' title='bbox 597 4246 688 4292; x_wconf 76' lang='grc' dir='ltr'>τοῦ·</span> <span class='ocrx_word' id='word_1_272' title='bbox 722 4259 780 4290; x_wconf 81' lang='grc' dir='ltr'>τε</span> <span class='ocrx_word' id='word_1_273' title='bbox 815 4241 1003 4298; x_wconf 74' lang='grc' dir='ltr'><strong><em>Πηλίου</em></strong></span> <span class='ocrx_word' id='word_1_274' title='bbox 1038 4240 1125 4290; x_wconf 74' lang='grc' dir='ltr'>καὶ</span> <span class='ocrx_word' id='word_1_275' title='bbox 1158 4244 1249 4299; x_wconf 72' lang='grc' dir='ltr'>’τῆς</span> <span class='ocrx_word' id='word_1_276' title='bbox 1283 4241 1474 4298; x_wconf 73' lang='grc' dir='ltr'><strong><em>Ὄσσης</em></strong></span> <span class='ocrx_word' id='word_1_277' title='bbox 1509 4241 1575 4295; x_wconf 83' lang='lat' dir='ltr'>cf.</span> <span class='ocrx_word' id='word_1_278' title='bbox 1614 4242 1778 4295; x_wconf 86' lang='lat' dir='ltr'>Paus.</span> <span class='ocrx_word' id='word_1_279' title='bbox 1818 4242 1866 4294; x_wconf 84' lang='lat'>7.</span> <span class='ocrx_word' id='word_1_280' title='bbox 1907 4241 1954 4295; x_wconf 86' lang='lat'>7.</span> <span class='ocrx_word' id='word_1_281' title='bbox 1993 4241 2027 4293; x_wconf 87' lang='lat'><strong>3</strong></span> <span class='ocrx_word' id='word_1_282' title='bbox 2064 4241 2101 4294; x_wconf 90' lang='lat' dir='ltr'>i.</span> <span class='ocrx_word' id='word_1_283' title='bbox 2139 4241 2175 4294; x_wconf 88' lang='lat' dir='ltr'>f.</span> <span class='ocrx_word' id='word_1_284' title='bbox 2195 4240 2349 4294; x_wconf 85' lang='lat' dir='ltr'>Diod.</span> <span class='ocrx_word' id='word_1_285' title='bbox 2371 4240 2434 4292; x_wconf 82' lang='lat' dir='ltr'>fr.</span> <span class='ocrx_word' id='word_1_286' title='bbox 2456 4240 2562 4293; x_wconf 86' lang='lat'>643</span> <span class='ocrx_word' id='word_1_287' title='bbox 2595 4239 2940 4302; x_wconf 74' lang='grc' dir='ltr'>Δημητριάδος</span> 
     </span>
     <span class='ocr_line' id='line_1_36' title="bbox 596 4328 1113 4387; baseline -0.004 -7"><span class='ocrx_word' id='word_1_288' title='bbox 596 4333 779 4387; x_wconf 77' lang='grc' dir='ltr'><strong><em>πόλεως</em></strong></span> <span class='ocrx_word' id='word_1_289' title='bbox 815 4328 1113 4385; x_wconf 71' lang='grc' dir='ltr'><em>Μακεδόνων,</em></span> 
     </span>
    </p>
   </div>
   <div class='ocr_carea' id='block_1_8' title="bbox 649 4419 2308 4578">
    <p class='ocr_par' dir='ltr' id='par_1_10' title="bbox 649 4419 2308 4578">
     <span class='ocr_line' id='line_1_37' title="bbox 650 4419 1050 4487; baseline -0.003 -13"><span class='ocrx_word' id='word_1_290' title='bbox 650 4419 699 4487; x_wconf 89' lang='lat'>3)</span> <span class='ocrx_word' id='word_1_291' title='bbox 738 4420 939 4474; x_wconf 84' lang='lat' dir='ltr'>Strabo</span> <span class='ocrx_word' id='word_1_292' title='bbox 976 4420 1050 4474; x_wconf 92' lang='grc'>1.1.</span> 
     </span>
     <span class='ocr_line' id='line_1_38' title="bbox 649 4508 2308 4578; baseline -0.001 -16"><span class='ocrx_word' id='word_1_293' title='bbox 649 4508 697 4577; x_wconf 83' lang='lat'>4&gt;</span> <span class='ocrx_word' id='word_1_294' title='bbox 735 4511 801 4562; x_wconf 86' lang='lat' dir='ltr'>cf.</span> <span class='ocrx_word' id='word_1_295' title='bbox 840 4528 889 4563; x_wconf 79' lang='lat' dir='ltr'>v.</span> <span class='ocrx_word' id='word_1_296' title='bbox 929 4510 1225 4563; x_wconf 85' lang='lat' dir='ltr'>Wilamow.</span> <span class='ocrx_word' id='word_1_297' title='bbox 1263 4526 1315 4578; x_wconf 89' lang='lat' dir='ltr'>p.</span> <span class='ocrx_word' id='word_1_298' title='bbox 1354 4509 1456 4561; x_wconf 80' lang='lat'>241</span> <span class='ocrx_word' id='word_1_299' title='bbox 1495 4526 1610 4576; x_wconf 91' lang='lat' dir='ltr'>sqq.</span> <span class='ocrx_word' id='word_1_300' title='bbox 1649 4509 1828 4563; x_wconf 88' lang='lat' dir='ltr'>Niese.</span> <span class='ocrx_word' id='word_1_301' title='bbox 1868 4509 1916 4562; x_wconf 93' lang='lat'>1.</span> <span class='ocrx_word' id='word_1_302' title='bbox 1954 4509 2057 4562; x_wconf 83' lang='lat'>371</span> <span class='ocrx_word' id='word_1_303' title='bbox 2097 4525 2219 4563; x_wconf 87' lang='lat' dir='ltr'>ann.</span> <span class='ocrx_word' id='word_1_304' title='bbox 2258 4509 2308 4562; x_wconf 88' lang='lat'>3.</span> 
     </span>
    </p>
   </div>
  </div>
 </body>
</html>
