<?xml version="1.0" encoding="UTF-8"?>
<!DOCTYPE html PUBLIC "-//W3C//DTD XHTML 1.0 Transitional//EN"
    "http://www.w3.org/TR/xhtml1/DTD/xhtml1-transitional.dtd">
<html xmlns="http://www.w3.org/1999/xhtml" xml:lang="en" lang="en">
 <head>
  <title>
</title>
<meta http-equiv="Content-Type" content="text/html;charset=utf-8" />
  <meta name='ocr-system' content='tesseract 3.04.00' />
  <meta name='ocr-capabilities' content='ocr_page ocr_carea ocr_par ocr_line ocrx_word'/>
</head>
<body>
  <div class='ocr_page' id='page_1' title='image "./definibusregnim01breegoog_0112.png"; bbox 0 0 3338 5350; ppageno 0'>
   <div class='ocr_carea' id='block_1_1' title="bbox 1717 488 1802 551">
    <p class='ocr_par' dir='ltr' id='par_1_1' title="bbox 1717 488 1802 551">
     <span class='ocr_line' id='line_1_1' title="bbox 1717 488 1802 551; baseline 0 0"><span class='ocrx_word' id='word_1_1' title='bbox 1717 488 1802 551; x_wconf 81' lang='lat'>62</span> 
     </span>
    </p>
   </div>
   <div class='ocr_carea' id='block_1_2' title="bbox 601 681 2951 1090">
    <p class='ocr_par' dir='ltr' id='par_1_2' title="bbox 601 681 2951 1090">
     <span class='ocr_line' id='line_1_2' title="bbox 694 681 2951 768; baseline 0.001 -22"><span class='ocrx_word' id='word_1_2' title='bbox 694 682 951 748; x_wconf 88' lang='lat' dir='ltr'>Pacata</span> <span class='ocrx_word' id='word_1_3' title='bbox 981 682 1234 768; x_wconf 82' lang='lat' dir='ltr'>Illyria</span> <span class='ocrx_word' id='word_1_4' title='bbox 1278 681 1669 747; x_wconf 76' lang='lat' dir='ltr'>Alexander</span> <span class='ocrx_word' id='word_1_5' title='bbox 1714 704 1817 746; x_wconf 89' lang='lat' dir='ltr'>res</span> <span class='ocrx_word' id='word_1_6' title='bbox 1864 681 2190 746; x_wconf 80' lang='lat' dir='ltr'>Graeciae</span> <span class='ocrx_word' id='word_1_7' title='bbox 2238 682 2475 746; x_wconf 92' lang='lat' dir='ltr'>eadem</span> <span class='ocrx_word' id='word_1_8' title='bbox 2497 682 2758 747; x_wconf 89' lang='lat' dir='ltr'>ratione</span> <span class='ocrx_word' id='word_1_9' title='bbox 2804 682 2951 751; x_wconf 87' lang='lat' dir='ltr'>fere</span> 
     </span>
     <span class='ocr_line' id='line_1_3' title="bbox 608 787 2950 877; baseline 0.002 -24"><span class='ocrx_word' id='word_1_10' title='bbox 608 789 1038 855; x_wconf 84' lang='lat' dir='ltr'>confirmavit</span> <span class='ocrx_word' id='word_1_11' title='bbox 1084 811 1217 874; x_wconf 91' lang='lat' dir='ltr'>qua</span> <span class='ocrx_word' id='word_1_12' title='bbox 1260 796 1456 877; x_wconf 89' lang='lat' dir='ltr'>pater</span> <span class='ocrx_word' id='word_1_13' title='bbox 1516 788 1574 874; x_wconf 88' lang='lat' dir='ltr'>ej</span> <span class='ocrx_word' id='word_1_14' title='bbox 1586 812 1680 871; x_wconf 91' lang='lat' dir='ltr'>us,</span> <span class='ocrx_word' id='word_1_15' title='bbox 1751 787 2016 853; x_wconf 84' lang='lat' dir='ltr'>Thebas</span> <span class='ocrx_word' id='word_1_16' title='bbox 2062 788 2473 874; x_wconf 89' lang='lat' dir='ltr'>reliquorum</span> <span class='ocrx_word' id='word_1_17' title='bbox 2536 787 2950 856; x_wconf 80' lang='lat' dir='ltr'>Graecorum</span> 
     </span>
     <span class='ocr_line' id='line_1_4' title="bbox 601 893 2948 982; baseline 0.001 -22"><span class='ocrx_word' id='word_1_18' title='bbox 601 895 796 982; x_wconf 88' lang='lat' dir='ltr'>jussu</span> <span class='ocrx_word' id='word_1_19' title='bbox 868 896 1094 979; x_wconf 85' lang='lat' dir='ltr'><strong>diruit,</strong></span> <span class='ocrx_word' id='word_1_20' title='bbox 1141 895 1577 961; x_wconf 79' lang='lat' dir='ltr'><strong>Ambraciam</strong></span> <span class='ocrx_word' id='word_1_21' title='bbox 1621 896 1695 959; x_wconf 94' lang='lat' dir='ltr'>in</span> <span class='ocrx_word' id='word_1_22' title='bbox 1741 894 2128 960; x_wconf 87' lang='lat' dir='ltr'>libertatem</span> <span class='ocrx_word' id='word_1_23' title='bbox 2169 896 2466 961; x_wconf 85' lang='lat' dir='ltr'>restituit</span> <span class='ocrx_word' id='word_1_24' title='bbox 2487 893 2558 978; x_wconf 77' lang='lat'>1),</span> <span class='ocrx_word' id='word_1_25' title='bbox 2606 897 2680 960; x_wconf 93' lang='lat' dir='ltr'>in</span> <span class='ocrx_word' id='word_1_26' title='bbox 2725 897 2948 962; x_wconf 86' lang='lat' dir='ltr'>Mace·</span> 
     </span>
     <span class='ocr_line' id='line_1_5' title="bbox 610 1002 2544 1090; baseline 0.001 -23"><span class='ocrx_word' id='word_1_27' title='bbox 610 1003 887 1067; x_wconf 87' lang='lat' dir='ltr'>doniam</span> <span class='ocrx_word' id='word_1_28' title='bbox 928 1003 1131 1068; x_wconf 89' lang='lat' dir='ltr'>rediit</span> <span class='ocrx_word' id='word_1_29' title='bbox 1182 1010 1260 1067; x_wconf 92' lang='lat' dir='ltr'>ut</span> <span class='ocrx_word' id='word_1_30' title='bbox 1304 1002 1806 1090; x_wconf 79' lang='lat' dir='ltr'>expeditionem</span> <span class='ocrx_word' id='word_1_31' title='bbox 1850 1002 1925 1066; x_wconf 92' lang='lat' dir='ltr'>in</span> <span class='ocrx_word' id='word_1_32' title='bbox 1974 1003 2210 1067; x_wconf 80' lang='lat' dir='ltr'><strong>Asiam</strong></span> <span class='ocrx_word' id='word_1_33' title='bbox 2254 1009 2544 1090; x_wconf 86' lang='lat' dir='ltr'>pararet.</span> 
     </span>
    </p>
   </div>
   <div class='ocr_carea' id='block_1_3' title="bbox 1613 1219 2035 1228">
    <p class='ocr_par' dir='ltr' id='par_1_3' title="bbox 1613 1219 2035 1228">
     <span class='ocr_line' id='line_1_6' title="bbox 1613 1219 2035 1228; baseline 0 4122"><span class='ocrx_word' id='word_1_34' title='bbox 1613 1219 2035 1228; x_wconf 95' lang='lat' dir='ltr'> </span> 
     </span>
    </p>
   </div>
   <div class='ocr_carea' id='block_1_4' title="bbox 940 1384 2616 1473">
    <p class='ocr_par' dir='ltr' id='par_1_4' title="bbox 940 1384 2616 1473">
     <span class='ocr_line' id='line_1_7' title="bbox 940 1384 2616 1473; baseline 0.001 -18"><span class='ocrx_word' id='word_1_35' title='bbox 940 1393 980 1471; x_wconf 65' lang='grc' dir='ltr'><strong>ξ</strong></span> <span class='ocrx_word' id='word_1_36' title='bbox 1027 1387 1092 1456; x_wconf 90' lang='grc'>2.</span> <span class='ocrx_word' id='word_1_37' title='bbox 1158 1386 1245 1455; x_wconf 83' lang='lat' dir='ltr'>De</span> <span class='ocrx_word' id='word_1_38' title='bbox 1293 1385 1549 1470; x_wconf 69' lang='lat' dir='ltr'>imperio</span> <span class='ocrx_word' id='word_1_39' title='bbox 1596 1385 1654 1453; x_wconf 79' lang='lat' dir='ltr'>in</span> <span class='ocrx_word' id='word_1_40' title='bbox 1706 1384 1856 1454; x_wconf 73' lang='lat' dir='ltr'>Asia</span> <span class='ocrx_word' id='word_1_41' title='bbox 1902 1386 1973 1454; x_wconf 84' lang='lat' dir='ltr'>et</span> <span class='ocrx_word' id='word_1_42' title='bbox 2018 1385 2096 1454; x_wconf 84' lang='lat' dir='ltr'>de</span> <span class='ocrx_word' id='word_1_43' title='bbox 2138 1387 2381 1472; x_wconf 80' lang='lat' dir='ltr'>juribus</span> <span class='ocrx_word' id='word_1_44' title='bbox 2426 1388 2616 1473; x_wconf 67' lang='lat' dir='ltr'>reaia</span> 
     </span>
    </p>
   </div>
   <div class='ocr_carea' id='block_1_5' title="bbox 605 1582 2954 3060">
    <p class='ocr_par' dir='ltr' id='par_1_5' title="bbox 605 1582 2954 2845">
     <span class='ocr_line' id='line_1_8' title="bbox 691 1582 2948 1673; baseline -0 -22"><span class='ocrx_word' id='word_1_45' title='bbox 691 1586 843 1651; x_wconf 88' lang='lat' dir='ltr'>Hac</span> <span class='ocrx_word' id='word_1_46' title='bbox 909 1586 1059 1673; x_wconf 91' lang='lat' dir='ltr'>ipsa</span> <span class='ocrx_word' id='word_1_47' title='bbox 1128 1582 1557 1671; x_wconf 75' lang='lat' dir='ltr'>expeditione</span> <span class='ocrx_word' id='word_1_48' title='bbox 1618 1604 1870 1668; x_wconf 89' lang='lat' dir='ltr'>magna</span> <span class='ocrx_word' id='word_1_49' title='bbox 1929 1605 2087 1670; x_wconf 87' lang='lat' dir='ltr'>pars</span> <span class='ocrx_word' id='word_1_50' title='bbox 2133 1582 2337 1648; x_wconf 89' lang='lat' dir='ltr'>Asiae</span> <span class='ocrx_word' id='word_1_51' title='bbox 2392 1583 2677 1672; x_wconf 91' lang='lat' dir='ltr'>imperio</span> <span class='ocrx_word' id='word_1_52' title='bbox 2725 1584 2948 1650; x_wconf 90' lang='lat' dir='ltr'>Mace·</span> 
     </span>
     <span class='ocr_line' id='line_1_9' title="bbox 607 1687 2952 1776; baseline -0.001 -17"><span class='ocrx_word' id='word_1_53' title='bbox 607 1694 847 1759; x_wconf 89' lang='lat' dir='ltr'>donico</span> <span class='ocrx_word' id='word_1_54' title='bbox 896 1692 1220 1776; x_wconf 84' lang='lat' dir='ltr'>adjuncta</span> <span class='ocrx_word' id='word_1_55' title='bbox 1267 1696 1385 1754; x_wconf 89' lang='lat' dir='ltr'>est.</span> <span class='ocrx_word' id='word_1_56' title='bbox 1477 1690 1635 1755; x_wconf 86' lang='lat' dir='ltr'>Non</span> <span class='ocrx_word' id='word_1_57' title='bbox 1680 1687 1889 1755; x_wconf 83' lang='lat' dir='ltr'>refert</span> <span class='ocrx_word' id='word_1_58' title='bbox 1933 1688 2062 1754; x_wconf 90' lang='lat' dir='ltr'>hoc</span> <span class='ocrx_word' id='word_1_59' title='bbox 2130 1689 2276 1756; x_wconf 90' lang='lat' dir='ltr'>loco</span> <span class='ocrx_word' id='word_1_60' title='bbox 2324 1691 2701 1757; x_wconf 81' lang='lat' dir='ltr'>describere</span> <span class='ocrx_word' id='word_1_61' title='bbox 2766 1690 2952 1757; x_wconf 89' lang='lat' dir='ltr'>bella</span> 
     </span>
     <span class='ocr_line' id='line_1_10' title="bbox 605 1796 2951 1885; baseline 0 -21"><span class='ocrx_word' id='word_1_62' title='bbox 605 1800 739 1864; x_wconf 85' lang='lat' dir='ltr'>illis</span> <span class='ocrx_word' id='word_1_63' title='bbox 810 1798 971 1864; x_wconf 90' lang='lat' dir='ltr'>locis</span> <span class='ocrx_word' id='word_1_64' title='bbox 1039 1803 1251 1882; x_wconf 86' lang='lat' dir='ltr'>gesta,</span> <span class='ocrx_word' id='word_1_65' title='bbox 1323 1816 1543 1882; x_wconf 90' lang='lat' dir='ltr'>neque</span> <span class='ocrx_word' id='word_1_66' title='bbox 1612 1796 1831 1880; x_wconf 87' lang='lat' dir='ltr'>magis</span> <span class='ocrx_word' id='word_1_67' title='bbox 1899 1817 2082 1860; x_wconf 90' lang='lat' dir='ltr'>nunc</span> <span class='ocrx_word' id='word_1_68' title='bbox 2149 1797 2343 1862; x_wconf 90' lang='lat' dir='ltr'>nobis</span> <span class='ocrx_word' id='word_1_69' title='bbox 2405 1818 2606 1863; x_wconf 91' lang='lat' dir='ltr'>curae</span> <span class='ocrx_word' id='word_1_70' title='bbox 2668 1806 2768 1864; x_wconf 92' lang='lat' dir='ltr'>est</span> <span class='ocrx_word' id='word_1_71' title='bbox 2814 1821 2951 1885; x_wconf 88' lang='lat' dir='ltr'>quo</span> 
     </span>
     <span class='ocr_line' id='line_1_11' title="bbox 605 1887 2950 1991; baseline -0 -19"><span class='ocrx_word' id='word_1_72' title='bbox 605 1907 840 1972; x_wconf 88' lang='lat' dir='ltr'>ordine</span> <span class='ocrx_word' id='word_1_73' title='bbox 884 1887 1120 1970; x_wconf 38' lang='lat' dir='ltr'>&#39;variae</span> <span class='ocrx_word' id='word_1_74' title='bbox 1185 1902 1578 1991; x_wconf 82' lang='lat' dir='ltr'>provinciae</span> <span class='ocrx_word' id='word_1_75' title='bbox 1639 1908 2009 1989; x_wconf 73' lang='lat' dir='ltr'>occupatae</span> <span class='ocrx_word' id='word_1_76' title='bbox 2053 1903 2208 1986; x_wconf 89' lang='lat' dir='ltr'>sint,</span> <span class='ocrx_word' id='word_1_77' title='bbox 2283 1903 2525 1987; x_wconf 88' lang='lat' dir='ltr'>quibus</span> <span class='ocrx_word' id='word_1_78' title='bbox 2572 1906 2764 1970; x_wconf 86' lang='lat' dir='ltr'>annis</span> <span class='ocrx_word' id='word_1_79' title='bbox 2816 1907 2950 1971; x_wconf 91' lang='lat' dir='ltr'>sin-</span> 
     </span>
     <span class='ocr_line' id='line_1_12' title="bbox 605 2009 2950 2100; baseline 0 -23"><span class='ocrx_word' id='word_1_80' title='bbox 605 2012 810 2099; x_wconf 89' lang='lat' dir='ltr'>gulae</span> <span class='ocrx_word' id='word_1_81' title='bbox 852 2034 958 2077; x_wconf 91' lang='lat' dir='ltr'>res</span> <span class='ocrx_word' id='word_1_82' title='bbox 1003 2017 1242 2097; x_wconf 64' lang='lat' dir='ltr'>gestae,</span> <span class='ocrx_word' id='word_1_83' title='bbox 1284 2009 1438 2089; x_wconf 90' lang='lat' dir='ltr'>sint,</span> <span class='ocrx_word' id='word_1_84' title='bbox 1504 2031 1846 2093; x_wconf 78' lang='lat' dir='ltr'>numeruS,</span> <span class='ocrx_word' id='word_1_85' title='bbox 1894 2011 2193 2093; x_wconf 89' lang='lat' dir='ltr'>nomina,</span> <span class='ocrx_word' id='word_1_86' title='bbox 2255 2011 2422 2076; x_wconf 86' lang='lat' dir='ltr'>situs</span> <span class='ocrx_word' id='word_1_87' title='bbox 2468 2017 2537 2076; x_wconf 87' lang='lat' dir='ltr'>et</span> <span class='ocrx_word' id='word_1_88' title='bbox 2580 2011 2748 2078; x_wconf 89' lang='lat' dir='ltr'>fines</span> <span class='ocrx_word' id='word_1_89' title='bbox 2792 2034 2950 2100; x_wconf 89' lang='lat' dir='ltr'>pro-</span> 
     </span>
     <span class='ocr_line' id='line_1_13' title="bbox 606 2115 2948 2204; baseline -0 -19"><span class='ocrx_word' id='word_1_90' title='bbox 606 2121 1007 2201; x_wconf 84' lang='lat' dir='ltr'>vinciarum,</span> <span class='ocrx_word' id='word_1_91' title='bbox 1077 2138 1296 2203; x_wconf 92' lang='lat' dir='ltr'>neque</span> <span class='ocrx_word' id='word_1_92' title='bbox 1380 2115 1599 2201; x_wconf 86' lang='lat' dir='ltr'>magis</span> <span class='ocrx_word' id='word_1_93' title='bbox 1667 2116 1945 2182; x_wconf 92' lang='lat' dir='ltr'>nomina</span> <span class='ocrx_word' id='word_1_94' title='bbox 2035 2117 2456 2182; x_wconf 84' lang='lat' dir='ltr'>diversorum</span> <span class='ocrx_word' id='word_1_95' title='bbox 2536 2124 2948 2204; x_wconf 87' lang='lat' dir='ltr'>praetorum,</span> 
     </span>
     <span class='ocr_line' id='line_1_14' title="bbox 606 2220 2950 2312; baseline -0.001 -20"><span class='ocrx_word' id='word_1_96' title='bbox 606 2226 1154 2312; x_wconf 74' lang='lat' dir='ltr'>reliquorumque</span> <span class='ocrx_word' id='word_1_97' title='bbox 1224 2225 1747 2310; x_wconf 82' lang='lat' dir='ltr'>magistratuum</span> <span class='ocrx_word' id='word_1_98' title='bbox 1818 2223 2062 2309; x_wconf 89' lang='lat' dir='ltr'>quibus</span> <span class='ocrx_word' id='word_1_99' title='bbox 2113 2220 2510 2289; x_wconf 79' lang='lat' dir='ltr'>‘Alexander</span> <span class='ocrx_word' id='word_1_100' title='bbox 2575 2246 2680 2289; x_wconf 90' lang='lat' dir='ltr'>res</span> <span class='ocrx_word' id='word_1_101' title='bbox 2769 2247 2950 2290; x_wconf 91' lang='lat' dir='ltr'>com·</span> 
     </span>
     <span class='ocr_line' id='line_1_15' title="bbox 605 2330 2952 2416; baseline -0.001 -18"><span class='ocrx_word' id='word_1_102' title='bbox 605 2333 883 2416; x_wconf 81' lang='lat' dir='ltr'>miserit,</span> <span class='ocrx_word' id='word_1_103' title='bbox 932 2355 1084 2397; x_wconf 90' lang='lat' dir='ltr'>cum</span> <span class='ocrx_word' id='word_1_104' title='bbox 1129 2332 1298 2397; x_wconf 91' lang='lat' dir='ltr'>haec</span> <span class='ocrx_word' id='word_1_105' title='bbox 1341 2330 1570 2397; x_wconf 90' lang='lat' dir='ltr'>omnia</span> <span class='ocrx_word' id='word_1_106' title='bbox 1609 2331 2000 2416; x_wconf 86' lang='lat' dir='ltr'>pertineant</span> <span class='ocrx_word' id='word_1_107' title='bbox 2047 2330 2133 2395; x_wconf 89' lang='lat' dir='ltr'>ad</span> <span class='ocrx_word' id='word_1_108' title='bbox 2160 2331 2575 2396; x_wconf 85' lang='lat' dir='ltr'>elaboratam</span> <span class='ocrx_word' id='word_1_109' title='bbox 2597 2330 2952 2396; x_wconf 86' lang='lat' dir='ltr'>historiam</span> 
     </span>
     <span class='ocr_line' id='line_1_16' title="bbox 611 2436 2950 2527; baseline 0 -23"><span class='ocrx_word' id='word_1_110' title='bbox 611 2440 1118 2527; x_wconf 87' lang='lat' dir='ltr'>expeditionum</span> <span class='ocrx_word' id='word_1_111' title='bbox 1164 2437 1559 2519; x_wconf 83' lang='lat' dir='ltr'>Alexandri,</span> <span class='ocrx_word' id='word_1_112' title='bbox 1618 2436 1764 2521; x_wconf 84' lang='lat' dir='ltr'>jam</span> <span class='ocrx_word' id='word_1_113' title='bbox 1814 2444 2015 2502; x_wconf 84' lang='lat' dir='ltr'>antea</span> <span class='ocrx_word' id='word_1_114' title='bbox 2076 2437 2343 2524; x_wconf 90' lang='lat' dir='ltr'>copiose</span> <span class='ocrx_word' id='word_1_115' title='bbox 2390 2443 2460 2502; x_wconf 87' lang='lat' dir='ltr'>et</span> <span class='ocrx_word' id='word_1_116' title='bbox 2508 2444 2817 2503; x_wconf 86' lang='lat' dir='ltr'>accurate</span> <span class='ocrx_word' id='word_1_117' title='bbox 2864 2438 2950 2504; x_wconf 92' lang='lat' dir='ltr'>ab</span> 
     </span>
     <span class='ocr_line' id='line_1_17' title="bbox 608 2543 2951 2634; baseline -0.001 -23"><span class='ocrx_word' id='word_1_118' title='bbox 608 2547 882 2634; x_wconf 91' lang='lat' dir='ltr'>optimis</span> <span class='ocrx_word' id='word_1_119' title='bbox 927 2568 1152 2611; x_wconf 90' lang='lat' dir='ltr'>rerum</span> <span class='ocrx_word' id='word_1_120' title='bbox 1201 2543 1637 2631; x_wconf 87' lang='lat' dir='ltr'>scriptoribus</span> <span class='ocrx_word' id='word_1_121' title='bbox 1687 2543 2125 2632; x_wconf 86' lang='lat' dir='ltr'>descriptam3</span> <span class='ocrx_word' id='word_1_122' title='bbox 2194 2543 2390 2610; x_wconf 89' lang='lat' dir='ltr'>nobis</span> <span class='ocrx_word' id='word_1_123' title='bbox 2435 2545 2563 2609; x_wconf 90' lang='lat' dir='ltr'>hoc</span> <span class='ocrx_word' id='word_1_124' title='bbox 2607 2544 2754 2610; x_wconf 92' lang='lat' dir='ltr'>loco</span> <span class='ocrx_word' id='word_1_125' title='bbox 2799 2551 2951 2609; x_wconf 89' lang='lat' dir='ltr'>tan-</span> 
     </span>
     <span class='ocr_line' id='line_1_18' title="bbox 607 2650 2954 2738; baseline -0.001 -18"><span class='ocrx_word' id='word_1_126' title='bbox 607 2660 757 2720; x_wconf 87' lang='lat' dir='ltr'>tum</span> <span class='ocrx_word' id='word_1_127' title='bbox 800 2678 905 2720; x_wconf 90' lang='lat' dir='ltr'>res</span> <span class='ocrx_word' id='word_1_128' title='bbox 953 2663 1053 2720; x_wconf 88' lang='lat' dir='ltr'>est</span> <span class='ocrx_word' id='word_1_129' title='bbox 1099 2674 1254 2718; x_wconf 92' lang='lat' dir='ltr'>cum</span> <span class='ocrx_word' id='word_1_130' title='bbox 1297 2672 1547 2738; x_wconf 86' lang='lat' dir='ltr'>genere</span> <span class='ocrx_word' id='word_1_131' title='bbox 1595 2650 2199 2717; x_wconf 88' lang='lat' dir='ltr'>administrationis</span> <span class='ocrx_word' id='word_1_132' title='bbox 2258 2652 2475 2738; x_wconf 85' lang='lat' dir='ltr'>regni,</span> <span class='ocrx_word' id='word_1_133' title='bbox 2537 2652 2954 2738; x_wconf 84' lang='lat' dir='ltr'>investigare</span> 
     </span>
     <span class='ocr_line' id='line_1_19' title="bbox 608 2756 2949 2845; baseline 0 -21"><span class='ocrx_word' id='word_1_134' title='bbox 608 2781 928 2825; x_wconf 88' lang='lat' dir='ltr'>conemur</span> <span class='ocrx_word' id='word_1_135' title='bbox 973 2763 1259 2845; x_wconf 87' lang='lat' dir='ltr'>oportet,</span> <span class='ocrx_word' id='word_1_136' title='bbox 1306 2756 1633 2843; x_wconf 88' lang='lat' dir='ltr'>quamdiu</span> <span class='ocrx_word' id='word_1_137' title='bbox 1680 2759 1991 2822; x_wconf 84' lang='lat' dir='ltr'>steterint</span> <span class='ocrx_word' id='word_1_138' title='bbox 2049 2758 2424 2823; x_wconf 76' lang='lat' dir='ltr'>Alexandri</span> <span class='ocrx_word' id='word_1_139' title='bbox 2468 2759 2949 2825; x_wconf 88' lang='lat' dir='ltr'>institutiones.</span> 
     </span>
    </p>

    <p class='ocr_par' dir='ltr' id='par_1_6' title="bbox 609 2864 2952 3060">
     <span class='ocr_line' id='line_1_20' title="bbox 693 2864 2950 2952; baseline -0 -21"><span class='ocrx_word' id='word_1_140' title='bbox 693 2867 1015 2952; x_wconf 82' lang='lat' dir='ltr'>Regnum</span> <span class='ocrx_word' id='word_1_141' title='bbox 1081 2865 1596 2931; x_wconf 90' lang='lat' dir='ltr'>Macedonicum</span> <span class='ocrx_word' id='word_1_142' title='bbox 1663 2866 1739 2929; x_wconf 94' lang='lat' dir='ltr'>in</span> <span class='ocrx_word' id='word_1_143' title='bbox 1807 2866 1975 2930; x_wconf 90' lang='lat' dir='ltr'>Asia</span> <span class='ocrx_word' id='word_1_144' title='bbox 2058 2864 2530 2931; x_wconf 89' lang='lat' dir='ltr'>confirmatum</span> <span class='ocrx_word' id='word_1_145' title='bbox 2600 2873 2701 2931; x_wconf 89' lang='lat' dir='ltr'>est</span> <span class='ocrx_word' id='word_1_146' title='bbox 2766 2867 2950 2930; x_wconf 85' lang='lat' dir='ltr'>intra</span> 
     </span>
     <span class='ocr_line' id='line_1_21' title="bbox 609 2963 2952 3060; baseline 0 -23"><span class='ocrx_word' id='word_1_147' title='bbox 609 2994 820 3038; x_wconf 91' lang='lat' dir='ltr'>annos</span> <span class='ocrx_word' id='word_1_148' title='bbox 883 2974 1254 3038; x_wconf 78' lang='lat'>334-325.</span> <span class='ocrx_word' id='word_1_149' title='bbox 1369 2970 1574 3039; x_wconf 89' lang='lat' dir='ltr'>Anno</span> <span class='ocrx_word' id='word_1_150' title='bbox 1640 2974 1775 3038; x_wconf 88' lang='lat'>334</span> <span class='ocrx_word' id='word_1_151' title='bbox 1857 2972 2118 3060; x_wconf 86' lang='lat' dir='ltr'>primae</span> <span class='ocrx_word' id='word_1_152' title='bbox 2183 2972 2575 3059; x_wconf 86' lang='lat' dir='ltr'>provinciae</span> <span class='ocrx_word' id='word_1_153' title='bbox 2643 2972 2716 3036; x_wconf 91' lang='lat' dir='ltr'>in</span> <span class='ocrx_word' id='word_1_154' title='bbox 2783 2963 2952 3038; x_wconf 83' lang='lat' dir='ltr'>Asia</span> 
     </span>
    </p>
   </div>
   <div class='ocr_carea' id='block_1_6' title="bbox 612 3120 961 3130">
    <p class='ocr_par' dir='ltr' id='par_1_7' title="bbox 612 3120 961 3130">
     <span class='ocr_line' id='line_1_22' title="bbox 612 3120 961 3130; baseline 0 2220"><span class='ocrx_word' id='word_1_155' title='bbox 612 3120 961 3130; x_wconf 95' lang='lat' dir='ltr'> </span> 
     </span>
    </p>
   </div>
   <div class='ocr_carea' id='block_1_7' title="bbox 976 3120 1035 3131">
    <p class='ocr_par' dir='ltr' id='par_1_8' title="bbox 976 3120 1035 3131">
     <span class='ocr_line' id='line_1_23' title="bbox 976 3120 1035 3131; baseline 0 -4"><span class='ocrx_word' id='word_1_156' title='bbox 976 3120 1035 3131; x_wconf 77' lang='lat'>,—</span> 
     </span>
    </p>
   </div>
   <div class='ocr_carea' id='block_1_8' title="bbox 606 3185 2956 4241">
    <p class='ocr_par' dir='ltr' id='par_1_9' title="bbox 606 3185 2953 3795">
     <span class='ocr_line' id='line_1_24' title="bbox 607 3185 2952 3260; baseline 0.001 -18"><span class='ocrx_word' id='word_1_157' title='bbox 607 3189 663 3242; x_wconf 92' lang='lat' dir='ltr'>in</span> <span class='ocrx_word' id='word_1_158' title='bbox 720 3189 1165 3259; x_wconf 87' lang='lat' dir='ltr'>Septentrionem</span> <span class='ocrx_word' id='word_1_159' title='bbox 1219 3189 1524 3259; x_wconf 82' lang='lat' dir='ltr'>porrigitur</span> <span class='ocrx_word' id='word_1_160' title='bbox 1563 3205 1733 3257; x_wconf 80' lang='lat' dir='ltr'>quam</span> <span class='ocrx_word' id='word_1_161' title='bbox 1768 3187 1976 3242; x_wconf 84' lang='lat' dir='ltr'>indicat</span> <span class='ocrx_word' id='word_1_162' title='bbox 2013 3204 2216 3258; x_wconf 83' lang='lat' dir='ltr'>mappa</span> <span class='ocrx_word' id='word_1_163' title='bbox 2252 3185 2304 3242; x_wconf 70' lang='lat' dir='ltr'>vi</span> <span class='ocrx_word' id='word_1_164' title='bbox 2346 3186 2400 3243; x_wconf 82' lang='lat' dir='ltr'>di</span> <span class='ocrx_word' id='word_1_165' title='bbox 2434 3189 2677 3260; x_wconf 81' lang='lat' dir='ltr'>Kiepert.</span> <span class='ocrx_word' id='word_1_166' title='bbox 2733 3190 2952 3245; x_wconf 89' lang='lat' dir='ltr'>Pelium</span> 
     </span>
     <span class='ocr_line' id='line_1_25' title="bbox 608 3277 2950 3348; baseline 0.001 -16"><span class='ocrx_word' id='word_1_167' title='bbox 608 3279 753 3332; x_wconf 88' lang='lat' dir='ltr'>enim</span> <span class='ocrx_word' id='word_1_168' title='bbox 814 3278 871 3330; x_wconf 92' lang='lat' dir='ltr'>in</span> <span class='ocrx_word' id='word_1_169' title='bbox 923 3278 1240 3333; x_wconf 84' lang='lat' dir='ltr'>Dassaretia</span> <span class='ocrx_word' id='word_1_170' title='bbox 1296 3279 1464 3333; x_wconf 90' lang='lat' dir='ltr'>situm</span> <span class='ocrx_word' id='word_1_171' title='bbox 1520 3296 1639 3334; x_wconf 86' lang='lat' dir='ltr'>esse</span> <span class='ocrx_word' id='word_1_172' title='bbox 1694 3278 1858 3348; x_wconf 87' lang='lat' dir='ltr'>plane</span> <span class='ocrx_word' id='word_1_173' title='bbox 1908 3277 2041 3331; x_wconf 87' lang='lat' dir='ltr'>dicit</span> <span class='ocrx_word' id='word_1_174' title='bbox 2076 3277 2188 3331; x_wconf 83' lang='lat' dir='ltr'>Liv.</span> <span class='ocrx_word' id='word_1_175' title='bbox 2230 3277 2316 3331; x_wconf 88' lang='lat'>31.</span> <span class='ocrx_word' id='word_1_176' title='bbox 2355 3278 2439 3333; x_wconf 89' lang='lat'>40.</span> <span class='ocrx_word' id='word_1_177' title='bbox 2481 3279 2534 3344; x_wconf 86' lang='lat'>3,</span> <span class='ocrx_word' id='word_1_178' title='bbox 2572 3279 2724 3347; x_wconf 89' lang='lat' dir='ltr'>quod</span> <span class='ocrx_word' id='word_1_179' title='bbox 2760 3283 2950 3335; x_wconf 80' lang='lat' dir='ltr'>autem</span> 
     </span>
     <span class='ocr_line' id='line_1_26' title="bbox 609 3366 2950 3438; baseline 0.002 -18"><span class='ocrx_word' id='word_1_180' title='bbox 609 3385 721 3421; x_wconf 90' lang='lat' dir='ltr'>non</span> <span class='ocrx_word' id='word_1_181' title='bbox 778 3371 936 3437; x_wconf 87' lang='lat' dir='ltr'>patet</span> <span class='ocrx_word' id='word_1_182' title='bbox 973 3385 1042 3421; x_wconf 88' lang='lat' dir='ltr'>ex</span> <span class='ocrx_word' id='word_1_183' title='bbox 1078 3384 1282 3438; x_wconf 81' lang='lat' dir='ltr'>mappa</span> <span class='ocrx_word' id='word_1_184' title='bbox 1318 3371 1524 3422; x_wconf 88' lang='lat' dir='ltr'>nostra.</span> <span class='ocrx_word' id='word_1_185' title='bbox 1566 3367 1769 3422; x_wconf 85' lang='lat' dir='ltr'>Strabo</span> <span class='ocrx_word' id='word_1_186' title='bbox 1807 3367 1926 3420; x_wconf 86' lang='lat'>316.</span> <span class='ocrx_word' id='word_1_187' title='bbox 1967 3366 2257 3421; x_wconf 81' lang='lat' dir='ltr'>Demitsas.</span> <span class='ocrx_word' id='word_1_188' title='bbox 2298 3367 2346 3421; x_wconf 83' lang='lat'>2.</span> <span class='ocrx_word' id='word_1_189' title='bbox 2385 3368 2490 3422; x_wconf 84' lang='lat'>596</span> <span class='ocrx_word' id='word_1_190' title='bbox 2528 3372 2583 3422; x_wconf 91' lang='lat' dir='ltr'>et</span> <span class='ocrx_word' id='word_1_191' title='bbox 2618 3368 2725 3422; x_wconf 82' lang='lat'>640</span> <span class='ocrx_word' id='word_1_192' title='bbox 2759 3372 2950 3424; x_wconf 81' lang='lat' dir='ltr'>autem</span> 
     </span>
     <span class='ocr_line' id='line_1_27' title="bbox 608 3455 2952 3518; baseline 0.001 -12"><span class='ocrx_word' id='word_1_193' title='bbox 608 3457 687 3510; x_wconf 86' lang='lat' dir='ltr'>sic</span> <span class='ocrx_word' id='word_1_194' title='bbox 725 3456 984 3510; x_wconf 83' lang='lat' dir='ltr'>describit</span> <span class='ocrx_word' id='word_1_195' title='bbox 1021 3457 1190 3512; x_wconf 80' lang='lat' dir='ltr'>situm</span> <span class='ocrx_word' id='word_1_196' title='bbox 1211 3456 1560 3512; x_wconf 73' lang='lat' dir='ltr'>Dassaretiae</span> <span class='ocrx_word' id='word_1_197' title='bbox 1580 3472 1592 3511; x_wconf 87' lang='lat'>:</span> <span class='ocrx_word' id='word_1_198' title='bbox 1634 3458 1685 3508; x_wconf 81' lang='grc' dir='ltr'>οἱ</span> <span class='ocrx_word' id='word_1_199' title='bbox 1712 3456 1800 3518; x_wconf 69' lang='grc' dir='ltr'>μὲν</span> <span class='ocrx_word' id='word_1_200' title='bbox 1820 3456 2136 3518; x_wconf 78' lang='grc' dir='ltr'><strong><em>Δοισσοιρῒτοιι</em></strong></span> <span class='ocrx_word' id='word_1_201' title='bbox 2157 3459 2397 3518; x_wconf 73' lang='grc' dir='ltr'><strong><em>κατεῖχον</em></strong></span> <span class='ocrx_word' id='word_1_202' title='bbox 2419 3455 2523 3506; x_wconf 75' lang='grc' dir='ltr'><strong><em>ὅλον</em></strong></span> <span class='ocrx_word' id='word_1_203' title='bbox 2541 3459 2601 3506; x_wconf 80' lang='grc' dir='ltr'>τὸ</span> <span class='ocrx_word' id='word_1_204' title='bbox 2619 3455 2952 3509; x_wconf 77' lang='grc' dir='ltr'><strong><em>λεκανοπέδιον</em></strong></span> 
     </span>
     <span class='ocr_line' id='line_1_28' title="bbox 606 3543 2951 3609; baseline 0 -14"><span class='ocrx_word' id='word_1_205' title='bbox 606 3548 698 3603; x_wconf 68' lang='grc' dir='ltr'>τῆς</span> <span class='ocrx_word' id='word_1_206' title='bbox 753 3544 1054 3607; x_wconf 78' lang='grc' dir='ltr'><strong><em>Λυχνίτιδος</em></strong></span> <span class='ocrx_word' id='word_1_207' title='bbox 1107 3547 1277 3608; x_wconf 67' lang='grc' dir='ltr'><strong><em>λίμνης</em></strong></span> <span class='ocrx_word' id='word_1_208' title='bbox 1332 3549 1651 3609; x_wconf 76' lang='grc' dir='ltr'>ἐκτεινόμενοι</span> <span class='ocrx_word' id='word_1_209' title='bbox 1689 3547 1800 3608; x_wconf 74' lang='grc' dir='ltr'>πρὸς</span> <span class='ocrx_word' id='word_1_210' title='bbox 1837 3545 2145 3608; x_wconf 73' lang='grc' dir='ltr'><strong><em>μεσημβρίαν</em></strong></span> <span class='ocrx_word' id='word_1_211' title='bbox 2182 3545 2270 3607; x_wconf 68' lang='grc' dir='ltr'>μὲν</span> <span class='ocrx_word' id='word_1_212' title='bbox 2304 3543 2455 3608; x_wconf 79' lang='grc' dir='ltr'><strong><em>μέχρι</em></strong></span> <span class='ocrx_word' id='word_1_213' title='bbox 2492 3549 2583 3604; x_wconf 72' lang='grc' dir='ltr'>τῆς</span> <span class='ocrx_word' id='word_1_214' title='bbox 2620 3547 2860 3608; x_wconf 63' lang='lat' dir='ltr'>Kepha-ac</span> <span class='ocrx_word' id='word_1_215' title='bbox 2898 3550 2951 3599; x_wconf 79' lang='grc' dir='ltr'>ἐν</span> 
     </span>
     <span class='ocr_line' id='line_1_29' title="bbox 607 3633 2953 3702; baseline 0.001 -19"><span class='ocrx_word' id='word_1_216' title='bbox 607 3642 671 3702; x_wconf 72' lang='grc' dir='ltr'>τῇ</span> <span class='ocrx_word' id='word_1_217' title='bbox 728 3639 932 3699; x_wconf 74' lang='grc' dir='ltr'><strong><em>περιοχῇ</em></strong></span> <span class='ocrx_word' id='word_1_218' title='bbox 986 3638 1077 3693; x_wconf 77' lang='grc' dir='ltr'>τῆς</span> <span class='ocrx_word' id='word_1_219' title='bbox 1112 3636 1283 3693; x_wconf 74' lang='grc' dir='ltr'><strong><em>ὁποίας</em></strong></span> <span class='ocrx_word' id='word_1_220' title='bbox 1318 3633 1475 3685; x_wconf 70' lang='grc' dir='ltr'><strong><em>’ἔκειτο</em></strong></span> <span class='ocrx_word' id='word_1_221' title='bbox 1515 3637 1576 3685; x_wconf 77' lang='grc' dir='ltr'>τὸ</span> <span class='ocrx_word' id='word_1_222' title='bbox 1611 3633 1812 3694; x_wconf 72' lang='grc' dir='ltr'><strong><em>Πήλιον,</em></strong></span> <span class='ocrx_word' id='word_1_223' title='bbox 1845 3637 1957 3697; x_wconf 74' lang='grc' dir='ltr'>πρὸς</span> <span class='ocrx_word' id='word_1_224' title='bbox 1993 3633 2164 3697; x_wconf 62' lang='grc' dir='ltr'><strong><em>ἄρκτον</em></strong></span> <span class='ocrx_word' id='word_1_225' title='bbox 2201 3633 2253 3684; x_wconf 71' lang='grc' dir='ltr'>δὲ</span> <span class='ocrx_word' id='word_1_226' title='bbox 2289 3633 2439 3697; x_wconf 81' lang='grc' dir='ltr'><strong><em>μέχρι</em></strong></span> <span class='ocrx_word' id='word_1_227' title='bbox 2475 3638 2566 3695; x_wconf 74' lang='grc' dir='ltr'>τῆς</span> <span class='ocrx_word' id='word_1_228' title='bbox 2601 3634 2826 3693; x_wconf 76' lang='grc' dir='ltr'><strong><em>κοιλάδος</em></strong></span> <span class='ocrx_word' id='word_1_229' title='bbox 2858 3639 2953 3686; x_wconf 75' lang='grc' dir='ltr'>τοῦ</span> 
     </span>
     <span class='ocr_line' id='line_1_30' title="bbox 609 3723 1712 3795; baseline -0.003 -17"><span class='ocrx_word' id='word_1_230' title='bbox 609 3723 865 3786; x_wconf 72' lang='grc' dir='ltr'><strong><em>Δρείλωνος</em></strong></span> <span class='ocrx_word' id='word_1_231' title='bbox 899 3723 1128 3786; x_wconf 69' lang='grc' dir='ltr'>ποτ-ἀμαυ</span> <span class='ocrx_word' id='word_1_232' title='bbox 1166 3725 1234 3780; x_wconf 84' lang='lat' dir='ltr'>cf.</span> <span class='ocrx_word' id='word_1_233' title='bbox 1273 3726 1459 3795; x_wconf 87' lang='lat' dir='ltr'>Polyb.</span> <span class='ocrx_word' id='word_1_234' title='bbox 1500 3724 1549 3778; x_wconf 86' lang='lat'>5.</span> <span class='ocrx_word' id='word_1_235' title='bbox 1593 3724 1712 3778; x_wconf 89' lang='lat'>108.</span> 
     </span>
    </p>

    <p class='ocr_par' dir='ltr' id='par_1_10' title="bbox 608 3812 2956 4241">
     <span class='ocr_line' id='line_1_31' title="bbox 660 3812 2952 3884; baseline 0.001 -19"><span class='ocrx_word' id='word_1_236' title='bbox 660 3812 710 3879; x_wconf 88' lang='lat'>1)</span> <span class='ocrx_word' id='word_1_237' title='bbox 754 3813 881 3881; x_wconf 86' lang='lat' dir='ltr'>„Ich</span> <span class='ocrx_word' id='word_1_238' title='bbox 952 3814 1129 3868; x_wconf 82' lang='lat' dir='ltr'>denke</span> <span class='ocrx_word' id='word_1_239' title='bbox 1186 3832 1244 3868; x_wconf 87' lang='lat' dir='ltr'>es</span> <span class='ocrx_word' id='word_1_240' title='bbox 1306 3831 1417 3869; x_wconf 81' lang='lat' dir='ltr'>war</span> <span class='ocrx_word' id='word_1_241' title='bbox 1469 3815 1780 3869; x_wconf 81' lang='lat' dir='ltr'>Alexander</span> <span class='ocrx_word' id='word_1_242' title='bbox 1835 3815 2003 3868; x_wconf 88' lang='lat' dir='ltr'>Ernst</span> <span class='ocrx_word' id='word_1_243' title='bbox 2059 3814 2161 3867; x_wconf 88' lang='lat' dir='ltr'>mit</span> <span class='ocrx_word' id='word_1_244' title='bbox 2212 3814 2390 3869; x_wconf 82' lang='lat' dir='ltr'>dieser</span> <span class='ocrx_word' id='word_1_245' title='bbox 2445 3814 2773 3884; x_wconf 66' lang='lat' dir='ltr'>Erkliirung.</span> <span class='ocrx_word' id='word_1_246' title='bbox 2847 3813 2952 3868; x_wconf 89' lang='lat' dir='ltr'>Die</span> 
     </span>
     <span class='ocr_line' id='line_1_32' title="bbox 611 3893 2953 3975; baseline 0.001 -20"><span class='ocrx_word' id='word_1_247' title='bbox 611 3902 1037 3957; x_wconf 85' lang='lat' dir='ltr'>makedonische</span> <span class='ocrx_word' id='word_1_248' title='bbox 1071 3904 1385 3975; x_wconf 80' lang='lat' dir='ltr'>Besatzung</span> <span class='ocrx_word' id='word_1_249' title='bbox 1423 3922 1497 3958; x_wconf 87' lang='lat' dir='ltr'>zu</span> <span class='ocrx_word' id='word_1_250' title='bbox 1531 3904 1833 3959; x_wconf 86' lang='lat' dir='ltr'>Ambrakia</span> <span class='ocrx_word' id='word_1_251' title='bbox 1865 3902 2017 3957; x_wconf 84' lang='lat' dir='ltr'>ward</span> <span class='ocrx_word' id='word_1_252' title='bbox 2047 3903 2335 3957; x_wconf 89' lang='lat' dir='ltr'>sicherlich</span> <span class='ocrx_word' id='word_1_253' title='bbox 2365 3920 2475 3958; x_wconf 83' lang='lat' dir='ltr'>von</span> <span class='ocrx_word' id='word_1_254' title='bbox 2505 3893 2614 3957; x_wconf 83' lang='lat' dir='ltr'>den</span> <span class='ocrx_word' id='word_1_255' title='bbox 2649 3903 2953 3958; x_wconf 87' lang='lat' dir='ltr'>Molottern</span> 
     </span>
     <span class='ocr_line' id='line_1_33' title="bbox 609 3979 2950 4062; baseline 0.001 -18"><span class='ocrx_word' id='word_1_256' title='bbox 609 3991 763 4045; x_wconf 86' lang='lat' dir='ltr'>nicht</span> <span class='ocrx_word' id='word_1_257' title='bbox 819 4008 954 4060; x_wconf 88' lang='lat' dir='ltr'>gern</span> <span class='ocrx_word' id='word_1_258' title='bbox 1007 3993 1260 4062; x_wconf 83' lang='lat' dir='ltr'>geschen‚</span> <span class='ocrx_word' id='word_1_259' title='bbox 1316 3993 1432 4047; x_wconf 89' lang='lat' dir='ltr'>und</span> <span class='ocrx_word' id='word_1_260' title='bbox 1482 3993 1795 4047; x_wconf 86' lang='lat' dir='ltr'>Alexander</span> <span class='ocrx_word' id='word_1_261' title='bbox 1836 3979 1958 4047; x_wconf 46' lang='lat' dir='ltr'>&#39;von</span> <span class='ocrx_word' id='word_1_262' title='bbox 2014 3992 2214 4062; x_wconf 86' lang='lat' dir='ltr'>Epirus</span> <span class='ocrx_word' id='word_1_263' title='bbox 2254 3992 2476 4047; x_wconf 87' lang='lat' dir='ltr'>mochte</span> <span class='ocrx_word' id='word_1_264' title='bbox 2514 3993 2719 4046; x_wconf 87' lang='lat' dir='ltr'>seinem</span> <span class='ocrx_word' id='word_1_265' title='bbox 2755 3992 2950 4047; x_wconf 82' lang='lat' dir='ltr'>Neffen</span> 
     </span>
     <span class='ocr_line' id='line_1_34' title="bbox 608 4080 2955 4152; baseline 0 -17"><span class='ocrx_word' id='word_1_266' title='bbox 608 4080 859 4150; x_wconf 86' lang='lat' dir='ltr'>anliegen</span> <span class='ocrx_word' id='word_1_267' title='bbox 899 4080 1013 4133; x_wconf 90' lang='lat' dir='ltr'>ihm</span> <span class='ocrx_word' id='word_1_268' title='bbox 1049 4082 1136 4135; x_wconf 87' lang='lat' dir='ltr'>die</span> <span class='ocrx_word' id='word_1_269' title='bbox 1174 4082 1423 4152; x_wconf 85' lang='lat' dir='ltr'>wichtige</span> <span class='ocrx_word' id='word_1_270' title='bbox 1461 4081 1638 4144; x_wconf 78' lang='lat' dir='ltr'>‚Stadt</span> <span class='ocrx_word' id='word_1_271' title='bbox 1675 4099 1749 4135; x_wconf 87' lang='lat' dir='ltr'>zu</span> <span class='ocrx_word' id='word_1_272' title='bbox 1786 4081 2120 4135; x_wconf 75' lang='lat' dir='ltr'>iiberlassen.</span> <span class='ocrx_word' id='word_1_273' title='bbox 2160 4081 2304 4134; x_wconf 88' lang='lat' dir='ltr'>Aber</span> <span class='ocrx_word' id='word_1_274' title='bbox 2341 4080 2440 4135; x_wconf 87' lang='lat' dir='ltr'>das</span> <span class='ocrx_word' id='word_1_275' title='bbox 2476 4081 2955 4150; x_wconf 88' lang='lat' dir='ltr'>Emporkommen</span> 
     </span>
     <span class='ocr_line' id='line_1_35' title="bbox 611 4169 2956 4241; baseline 0.001 -17"><span class='ocrx_word' id='word_1_276' title='bbox 611 4170 708 4224; x_wconf 87' lang='lat' dir='ltr'>des</span> <span class='ocrx_word' id='word_1_277' title='bbox 768 4169 1158 4225; x_wconf 84' lang='lat' dir='ltr'>molottischen</span> <span class='ocrx_word' id='word_1_278' title='bbox 1213 4171 1601 4226; x_wconf 73' lang='lat' dir='ltr'>Furstentums</span> <span class='ocrx_word' id='word_1_279' title='bbox 1653 4188 1726 4225; x_wconf 88' lang='lat' dir='ltr'>zu</span> <span class='ocrx_word' id='word_1_280' title='bbox 1786 4170 1934 4224; x_wconf 88' lang='lat' dir='ltr'>einer</span> <span class='ocrx_word' id='word_1_281' title='bbox 1987 4170 2393 4240; x_wconf 67' lang='lat' dir='ltr'>selbstandigen</span> <span class='ocrx_word' id='word_1_282' title='bbox 2427 4170 2756 4240; x_wconf 82' lang='lat' dir='ltr'>Bedeutung</span> <span class='ocrx_word' id='word_1_283' title='bbox 2793 4174 2956 4241; x_wconf 80' lang='lat' dir='ltr'>sagte</span> 
     </span>
    </p>
   </div>
   <div class='ocr_carea' id='block_1_9' title="bbox 607 4257 2958 4496">
    <p class='ocr_par' dir='ltr' id='par_1_11' title="bbox 607 4257 2958 4496">
     <span class='ocr_line' id='line_1_36' title="bbox 607 4257 2953 4345; baseline 0 -32"><span class='ocrx_word' id='word_1_284' title='bbox 607 4257 920 4313; x_wconf 87' lang='lat' dir='ltr'>Alexander</span> <span class='ocrx_word' id='word_1_285' title='bbox 974 4259 1353 4330; x_wconf 85' lang='lat' dir='ltr'>ebensowenig</span> <span class='ocrx_word' id='word_1_286' title='bbox 1402 4277 1476 4313; x_wconf 87' lang='lat' dir='ltr'>zu</span> <span class='ocrx_word' id='word_1_287' title='bbox 1530 4259 1613 4313; x_wconf 87' lang='lat' dir='ltr'>als</span> <span class='ocrx_word' id='word_1_288' title='bbox 1682 4276 1738 4313; x_wconf 89' lang='lat' dir='ltr'>es</span> <span class='ocrx_word' id='word_1_289' title='bbox 1790 4259 1848 4312; x_wconf 90' lang='lat' dir='ltr'>in</span> <span class='ocrx_word' id='word_1_290' title='bbox 1902 4259 2149 4329; x_wconf 90' lang='lat' dir='ltr'>Philipps</span> <span class='ocrx_word' id='word_1_291' title='bbox 2208 4258 2421 4313; x_wconf 68' lang='lat' dir='ltr'>Planen</span> <span class='ocrx_word' id='word_1_292' title='bbox 2475 4259 2703 4345; x_wconf 84' lang='lat' dir='ltr'>gelegen</span> <span class='ocrx_word' id='word_1_293' title='bbox 2758 4259 2953 4314; x_wconf 87' lang='lat' dir='ltr'>hatte:</span> 
     </span>
     <span class='ocr_line' id='line_1_37' title="bbox 608 4346 2958 4419; baseline 0 -16"><span class='ocrx_word' id='word_1_294' title='bbox 608 4349 809 4403; x_wconf 84' lang='lat' dir='ltr'>darum</span> <span class='ocrx_word' id='word_1_295' title='bbox 846 4346 973 4401; x_wconf 86' lang='lat' dir='ltr'>liess</span> <span class='ocrx_word' id='word_1_296' title='bbox 1011 4365 1070 4402; x_wconf 90' lang='lat' dir='ltr'>er</span> <span class='ocrx_word' id='word_1_297' title='bbox 1107 4348 1224 4403; x_wconf 87' lang='lat' dir='ltr'>sich</span> <span class='ocrx_word' id='word_1_298' title='bbox 1264 4365 1401 4418; x_wconf 84' lang='lat' dir='ltr'>gern</span> <span class='ocrx_word' id='word_1_299' title='bbox 1437 4347 1674 4419; x_wconf 78' lang='lat' dir='ltr'>gesallen</span> <span class='ocrx_word' id='word_1_300' title='bbox 1709 4348 1837 4403; x_wconf 79' lang='lat' dir='ltr'>dass</span> <span class='ocrx_word' id='word_1_301' title='bbox 1883 4347 2185 4402; x_wconf 81' lang='lat' dir='ltr'>Ambrakia</span> <span class='ocrx_word' id='word_1_302' title='bbox 2216 4347 2416 4403; x_wconf 85' lang='lat' dir='ltr'>wieder</span> <span class='ocrx_word' id='word_1_303' title='bbox 2455 4348 2575 4402; x_wconf 88' lang='lat' dir='ltr'>eine</span> <span class='ocrx_word' id='word_1_304' title='bbox 2609 4347 2743 4402; x_wconf 83' lang='lat' dir='ltr'>freie</span> <span class='ocrx_word' id='word_1_305' title='bbox 2783 4348 2958 4405; x_wconf 78' lang='lat' dir='ltr'>Stadt</span> 
     </span>
     <span class='ocr_line' id='line_1_38' title="bbox 610 4432 1560 4496; baseline 0 -5"><span class='ocrx_word' id='word_1_306' title='bbox 610 4432 851 4496; x_wconf 85' lang='lat' dir='ltr'>wurde.”</span> <span class='ocrx_word' id='word_1_307' title='bbox 892 4435 1154 4492; x_wconf 83' lang='lat' dir='ltr'>Schaefer</span> <span class='ocrx_word' id='word_1_308' title='bbox 1194 4436 1350 4491; x_wconf 87' lang='lat' dir='ltr'>Dem.</span> <span class='ocrx_word' id='word_1_309' title='bbox 1387 4437 1439 4490; x_wconf 86' lang='lat'>3.</span> <span class='ocrx_word' id='word_1_310' title='bbox 1475 4436 1560 4491; x_wconf 82' lang='lat'>95.</span> 
     </span>
    </p>
   </div>
   <div class='ocr_carea' id='block_1_10' title="bbox 3311 3601 3314 4139">
    <p class='ocr_par' dir='ltr' id='par_1_12' title="bbox 3311 3601 3314 4139">
     <span class='ocr_line' id='line_1_39' title="bbox 3311 3601 3314 4139; baseline 0 0"><span class='ocrx_word' id='word_1_311' title='bbox 3311 3601 3314 4139; x_wconf 95' lang='lat' dir='ltr'> </span> 
     </span>
    </p>
   </div>
  </div>
 </body>
</html>
