3338 5350
1188 1454 1716 1532 CAPUT
1826 1455 1921 1531 II.

410 1867 510 1947 De
572 1866 880 1966 imperio
935 1867 1032 1945 ab
1091 1865 1514 1946 Alexandro
1574 1865 1992 1946 constituto
2047 1866 2131 1945 et
2185 1864 2277 1945 de
2333 1864 2696 1945 Perdicca

802 2027 1304 2128 nuber-nature
1362 2026 1637 2127 imperii
1694 2025 1791 2105 ad
1846 2044 2109 2105 annum
2165 2025 2322 2105 321.

1445 2270 1654 2277 ——.——.

580 2453 623 2531 ἓ
666 2447 714 2515 1.
763 2447 850 2516 De
900 2446 1155 2531 tmperio
1202 2446 1282 2513 ab
1328 2443 1686 2515 Alexandro
1733 2445 1792 2513 in
1839 2443 2086 2529 Europa
2124 2443 2520 2514 confirmato.

464 2663 791 2748 Regnum
864 2666 969 2727 tot
1028 2660 1372 2727 laboribus
1442 2684 1483 2726 a
1547 2659 1867 2749 Philippo
1929 2658 2421 2746 confirmatum,
2491 2663 2723 2728 statim

375 2777 533 2860 post
606 2775 891 2834 mortem
960 2768 1105 2854 ejus
1177 2790 1355 2834 anno
1424 2769 1556 2833 336
1620 2768 1934 2834 omnibus
1980 2769 2202 2834 modis
2249 2769 2724 2857 perturbatum

378 2884 499 2943 est.
621 2875 757 2941 Sed
822 2876 1162 2963 prosperis
1232 2875 1773 2962 expeditionibus
1856 2881 2094 2960 gentes
2163 2876 2722 2963 septentrionales

374 2983 704 3071 Philippo
763 2981 910 3067 jam
979 2982 1341 3067 subjectae,
1413 2982 1497 3046 ab
1544 2980 1936 3048 Alexandro
1981 2983 2052 3046 in
2098 2983 2406 3048 ordinem
2451 2990 2724 3051 coactae

375 3096 538 3156 sunt
561 3091 643 3173 1),
706 3088 1077 3155 Thracibus
1122 3089 1196 3154 in
1239 3088 1502 3154 Haemo
1550 3095 1779 3155 monte
1824 3087 2222 3177 profligatis,
2270 3089 2723 3157 Triballorum

371 3220 495 3263 rex
545 3195 843 3283 SyrmOS,
892 3195 1081 3281 cujus
1126 3217 1411 3281 regnum
1461 3195 1547 3260 ad
1594 3195 1992 3260 Danuvium
2034 3217 2249 3282 usque
2298 3218 2441 3262 sese
2488 3204 2718 3262 exten-

373 3304 557 3370 disse
603 3304 876 3369 videtur
897 3303 975 3390 2),
1023 3304 1480 3391 principatum
1528 3302 1969 3368 Macedoniae
1993 3323 2358 3388 agnoscere
2383 3309 2453 3368 et
2474 3303 2720 3368 milites

374 3411 543 3476 dare
610 3416 879 3477 coactus
924 3417 1028 3475 est
1048 3409 1123 3494 3),
1181 3431 1400 3496 neque
1448 3410 1672 3474 minus
1717 3408 2017 3495 reliquae
2061 3415 2300 3495 gentes
2346 3410 2439 3475 cis
2487 3410 2720 3475 Danu-

372 3520 570 3585 vium
616 3517 1021 3600 habitantes,
1068 3516 1328 3602 legatos
1373 3518 1635 3598 misere,
1677 3521 1747 3582 et
1789 3514 2030 3582 foedus
2052 3537 2206 3581 cum
2229 3537 2390 3601 rege
2414 3516 2626 3582 iniere
2648 3517 2718 3601 4),

374 3627 493 3712 qui
545 3625 781 3690 eodem
827 3631 1061 3690 tenore
1105 3624 1314 3690 Getas
1360 3645 1628 3710 quoque
1674 3629 1862 3688 trans
1901 3622 2155 3688 flumen
2179 3623 2368 3688 sedes
2392 3623 2720 3689 habentes

371 3731 788 3820 profligavit,
858 3753 984 3797 nec
1052 3737 1283 3796 tamen
1350 3730 1481 3795 sibi
1548 3728 1836 3815 subjecit
1880 3729 1950 3812 5),
2043 3729 2396 3794 Danuvius
2465 3729 2721 3796 flumen

370 3839 586 3925 igitur
631 3840 957 3904 terminus
1003 3838 1269 3925 imperii
1315 3836 1669 3902 habendus
1717 3842 1821 3901 est
1843 3840 1910 3916 6).
1959 3835 2188 3900 Etiam
2235 3834 2416 3901 Galli
2454 3843 2717 3902 montes

422 4062 471 4132 1)
514 4062 715 4118 Strabo
754 4063 859 4117 316
896 4063 1012 4116 init.

421 4153 472 4217 2)
516 4151 776 4207 Schaefer
812 4152 862 4205 3.
904 4151 1007 4205 106
1044 4168 1170 4206 ann.
1208 4152 1256 4205 2.

420 4242 472 4307 3)
514 4240 740 4295 Curtius
776 4240 825 4294 9.
863 4241 913 4293 6.
949 4240 1037 4294 20.
1077 4240 1235 4296 Diod.
1276 4240 1357 4293 17.
1400 4240 1484 4294 17.
1522 4240 1570 4294 4.

421 4330 472 4398 4)
512 4330 722 4384 Arrian.
764 4330 811 4383 1.
851 4331 899 4383 4.
939 4331 989 4384 6.

422 4418 473 4480 5)
517 4418 723 4471 Arrian.
765 4419 812 4472 1.
852 4418 902 4471 4.
941 4418 990 4472 5.

420 4506 473 4570 Β)
515 4507 704 4572 Polyb.
744 4507 791 4559 1.
835 4506 882 4559 2.
923 4507 972 4560 4.
