3338 5350
1675 518 1804 585 100

571 716 1007 783 Macedonico
1076 717 1387 805 adjungit
1453 741 1609 785 cum
1677 720 1956 786 scribat:
2028 719 2131 784 ἐπὶ
2203 721 2354 783 πᾶσι
2423 715 2737 783 Μακεδόσι
2797 714 2905 782 καὶ

572 822 839 899 “Ελλησι
898 825 1003 888 καὶ
1052 828 1352 906 Ἰλλυριοῖς
1400 826 1507 891 καὶ
1557 827 1939 906 Τριβαλλοῖς
1986 827 2090 891 καὶ
2139 830 2427 907 Ἀγριοῖσι
2474 826 2578 889 καὶ
2628 824 2743 890 ὅσα
2789 833 2899 899 τῆς

570 931 848 1012 Ἠπείρου
897 931 1060 1008 ἔξετι
1111 933 1521 1015 Ἀλεξάνδρου
1572 935 1918 1014 στρατηγὸς
1966 933 2345 1016 αὐτοκράτωρ
2395 934 2688 998 ἐτέτακτο
2738 934 2809 1020 ¹).

659 1041 844 1120 Quae
906 1064 1053 1107 cum
1100 1045 1197 1108 ita
1242 1045 1396 1127 sint,
1444 1048 1739 1108 statuere
1783 1042 1944 1108 licet
1986 1042 2156 1108 fines
2193 1043 2460 1130 imperii
2508 1043 2582 1106 in
2624 1041 2902 1128 Europa

568 1170 706 1214 non
774 1149 1142 1215 admodum
1206 1156 1500 1216 mutatos
1562 1173 1737 1231 esse3
1830 1149 2114 1216 fortasse
2196 1149 2456 1236 aliquot
2524 1155 2760 1235 gentes
2828 1149 2901 1211 in

571 1254 1044 1342 Septentrione
1113 1255 1456 1342 sejunctae
1501 1264 1694 1343 sunt3
1758 1258 1876 1324 sed
1913 1279 2072 1345 pars
2118 1255 2660 1344 septentrionalis
2705 1254 2901 1342 Epiri

570 1362 654 1427 ad
702 1361 1066 1429 Ceraunios
1134 1371 1396 1430 montes
1464 1387 1676 1451 usque
1748 1366 2138 1453 provinciae
2200 1364 2516 1430 addenda
2560 1370 2678 1446 est,
2724 1367 2897 1427 cete-

565 1464 731 1534 rum’
756 1470 1235 1558 descriptiones
1273 1481 1542 1537 nostrae
1587 1479 1969 1559 congruunt
2013 1494 2169 1538 cum
2212 1493 2422 1558 regno
2469 1478 2547 1536 ut
2607 1493 2648 1536 a
2703 1470 2899 1535 nobis

565 1578 639 1641 in
680 1578 901 1665 prima
943 1578 1373 1666 paragrapho
1440 1578 1642 1664 hujus
1688 1580 1931 1667 capitis
1976 1580 2390 1667 descriptum
2452 1584 2573 1661 est,
2619 1577 2897 1643 eaedem

565 1682 707 1749 fere
774 1691 1013 1771 gentes
1080 1686 1289 1771 igitur
1357 1686 1638 1752 diversis
1708 1686 2205 1753 conditionibus
2273 1685 2677 1770 conjunctae
2743 1706 2898 1749 cum

563 1812 772 1877 regno
817 1791 1253 1858 Macedonico
1276 1794 1730 1881 geographico
1758 1816 1975 1879 sensu,
2001 1794 2361 1882 imperium
2385 1791 2898 1858 Macedonicum

563 1903 636 1966 in
680 1899 956 1987 Europa
1001 1897 1268 1965 efficere
1312 1906 1776 1988 perrexerunt.

653 2005 969 2072 Ceterum
1036 2029 1073 2072 e
1138 2008 1285 2073 loco
1353 2007 1647 2091 Arriani,
1727 2028 1859 2095 quo
1927 2008 2040 2074 hic
2109 2007 2427 2073 describit
2470 2003 2897 2094 provinciam

563 2113 940 2198 Thraciam,
1001 2130 1142 2181 non
1212 2122 1404 2202 patet
1470 2116 1672 2181 urbes
1741 2116 1826 2181 ad
1873 2115 2072 2181 litora
2115 2117 2320 2181 maris
2381 2113 2689 2179 Thracici
2713 2113 2893 2194 sitas,

560 2220 856 2305 Abdera,
905 2222 1298 2293 Maroneam
1336 2229 1405 2288 et
1452 2223 1637 2308 aliaS,
1687 2222 2076 2310 Lysimachi
2118 2223 2512 2310 provinciae
2540 2219 2648 2307 adj
2656 2225 2895 2284 unctas

561 2350 737 2411 esse3
808 2337 1331 2396 consentaneum
1400 2337 1502 2396 est
1567 2331 1891 2418 suspicari
1950 2330 2100 2395 illas
2163 2329 2399 2395 eodem
2438 2336 2618 2395 statu
2664 2327 2892 2412 fuisse,

563 2458 696 2523 quo
743 2437 867 2502 sub
912 2437 1232 2525 Philippo
1281 2445 1349 2503 et
1391 2437 1786 2503 Alexandro
1824 2436 2102 2502 fuerunt
2148 2435 2259 2517 (cf.
2308 2458 2456 2524 cap.
2501 2435 2539 2500 I
2559 2457 2716 2524 pag.
2742 2436 2893 2519 27);

561 2540 1059 2610 Chersonnesus
1129 2550 1357 2610 autem
1425 2546 1815 2610 nominatur
1886 2553 1960 2609 ut
2025 2566 2183 2632 pars
2250 2544 2640 2631 provinciae
2699 2543 2893 2631 Lysi-

560 2651 817 2717 machi:
862 2651 994 2718 hac
1036 2652 1440 2740 paeninsula
1484 2658 1713 2718 autem
1756 2653 2068 2718 transitui
2116 2653 2189 2717 in
2231 2651 2463 2718 Asiam
2512 2651 2895 2717 dominatus

560 2764 679 2824 est.
750 2759 933 2845 Ergo
978 2760 1357 2846 Lysimachi
1401 2760 1756 2848 provincia
1801 2782 1944 2825 sese
1989 2759 2294 2825 extendit
2347 2758 2896 2846 Septentrionem

559 2889 792 2933 versus
858 2867 931 2931 in
975 2869 1281 2953 regiones
1327 2867 1878 2950 mediterraneas,
1925 2868 2105 2933 circa
2144 2871 2446 2931 montem
2487 2865 2892 2953 Rhodopen,

560 2972 908 3040 Orientem
952 2996 1184 3040 versus
1233 2980 1458 3039 autem
1521 2975 1608 3040 ad
1653 2976 1951 3040 Pontum
1995 2974 2342 3040 Euxinum
2389 2980 2458 3038 et
2503 2972 2892 3059 Salmydes-

557 3103 707 3145 sum
768 3103 1007 3168 agrum
1073 3103 1288 3167 usque
1309 3082 1394 3165 2);
1465 3082 1549 3147 de
1595 3082 1912 3168 gentibus
1962 3082 2048 3147 ad
2094 3081 2488 3146 Danuvium
2534 3080 2724 3145 sedes
2768 3078 2892 3146 ha-

530 3187 893 3271 ·bentibus,
965 3211 1139 3275 quae
1198 3189 1590 3254 Alexandro
1650 3187 1925 3254 foedere
1994 3187 2394 3274 conjunctae
2462 3193 2655 3252 erant
2701 3193 2890 3275 (pag.

557 3296 645 3360 34
692 3318 846 3360 ann.
898 3296 987 3382 5),
1054 3317 1193 3361 non
1253 3295 1542 3382 amplius
1611 3295 1863 3362 locutio
1911 3301 2029 3380 est,
2098 3294 2383 3361 fortasse
2427 3300 2583 3382 post
2626 3293 2895 3359 cladem

556 3402 957 3489 Zopyrionis
1003 3402 1302 3489 (326J25)
1349 3423 1491 3467 sese
1536 3403 1610 3466 in
1654 3401 2043 3467 libertatem
2065 3400 2605 3469 vindicaverunt.
2653 3400 2892 3465 Altera

558 3509 864 3596 quaestio
909 3516 1034 3582 ⁴est
1101 3509 1506 3595 quibusnam
1549 3509 1623 3573 in
1666 3508 2056 3595 regionibus
2100 3508 2373 3573 termini
2410 3506 2710 3596 ponendi
2755 3505 2893 3571 sint

553 3617 733 3682 inter
775 3616 1160 3704 provincias
1205 3616 1599 3703 Lysimachi
1647 3625 1715 3683 et
1757 3615 2128 3705 Antipatri.
2190 3617 2238 3683 J
2240 3638 2352 3681 am
2397 3637 2620 3704 supra,
2667 3614 2891 3702 primo

556 3724 778 3812 capite
824 3728 863 3807 ξ
887 3726 929 3789 6
976 3724 1436 3789 demonstrare
1481 3726 1713 3791 conati
1758 3747 2008 3809 sumus,
2055 3723 2453 3811 Philippum
2485 3721 2655 3787 fines
2677 3722 2890 3809 ipsius

555 3831 751 3918 regni
795 3831 1216 3897 Macedonici
1282 3833 1737 3920 geographico
1807 3855 2007 3898 sensu
2073 3832 2173 3897 ita
2242 3829 2764 3918 amplificavisse
2808 3833 2890 3893 ut

555 3938 803 4003 Nestus
848 3937 1103 4003 flumen
1148 3938 1474 4003 terminus
1522 3939 1667 4024 agri
1711 3938 2133 4005 Macedonici
2170 3937 2391 4003 factus
2438 3937 2544 4021 sit,
2592 3937 2888 4002 Alexan-

606 4206 655 4275 1)
691 4208 825 4262 Dex.
865 4225 935 4278 ap
991 4208 1150 4262 Phot.
1191 4227 1244 4277 p.
1282 4208 1369 4261 64.
1406 4208 1473 4261 cf.
1513 4206 1709 4277 Droys.
1750 4207 1798 4259 2.
1839 4207 1886 4260 1.
1925 4207 1994 4260 32
2031 4222 2156 4260 ann.
2194 4208 2242 4260 3.

607 4296 653 4363 2)
693 4296 893 4352 Strabo
949 4297 1057 4350 319
1110 4296 1449 4346 συνάπτουσαι
1505 4300 1574 4358 τῷ
1628 4293 1985 4359 Σαλμυδησσῷ.
2036 4296 2212 4366 Igitur
2247 4310 2360 4348 non
2396 4294 2464 4348 de
2508 4294 2646 4349 urbe
2684 4294 2782 4350 sed
2818 4294 2891 4349 de

554 4403 688 4457 agro
726 4388 974 4456 loquitur
1013 4389 1079 4442 cf.
1121 4388 1321 4443 Strabo
1356 4386 1442 4440 50.
1474 4385 1634 4439 Diod.
1675 4385 1758 4438 14.
1797 4385 1882 4438 37.
1921 4386 1972 4438 2.
2009 4384 2210 4439 Herod.
2250 4384 2300 4436 4.
2337 4382 2422 4436 93.
2443 4383 2691 4453 Xenoph.
2711 4383 2888 4437 Anab.

555 4477 602 4530 7.
642 4478 689 4531 5.
732 4478 814 4531 12.
853 4478 1064 4532 Plinius
1101 4478 1150 4530 4.
1193 4477 1260 4530 45
1298 4477 1449 4532 solus
1487 4485 1571 4531 est
1609 4476 1704 4544 qui
1739 4476 1986 4544 loquitur
2025 4476 2095 4530 de
2133 4474 2337 4546 oppido
2378 4473 2758 4544 Halmydesso.
