3338 5350
1530 572 1614 636 57

402 775 635 833 utrum
680 768 1037 856 Philippus
1103 767 1266 833 illuc
1333 768 1523 833 sedes
1590 770 1783 852 regni
1837 767 2419 855 transportaverit,
2467 788 2556 831 an
2594 766 2741 851 jam

406 876 531 940 sub
590 875 925 940 Archelao
992 873 1251 940 factum
1313 876 1403 939 sit
1423 875 1491 958 1),
1560 874 1690 940 1100
1758 895 1920 939 66116
1981 879 2245 938 00116161
2311 873 2546 938 urbem
2616 873 2739 937 sub

408 980 609 1067 hujus
655 1003 865 1067 regno
912 981 1278 1047 admodum
1323 980 1625 1046 floruisse
1689 987 1755 1046 et
1799 983 1897 1046 ita
1943 982 2230 1045 crevisse
2277 985 2355 1045 ut
2400 1003 2485 1045 ex
2526 1001 2741 1068 parvo

407 1087 554 1154 loco
600 1088 759 1154 urbs
808 1086 994 1153 facta
1041 1089 1126 1153 sit
1170 1087 1355 1154 haud
1400 1088 1793 1173 negligendi
1839 1088 2184 1153 momenti.
2254 1086 2742 1151 Demosthenes

410 1196 590 1260 enim
626 1196 777 1260 247.
799 1195 881 1260 17
930 1195 1015 1260 de
1059 1194 1253 1260 Pella
1300 1216 1532 1260 eorum
1568 1201 1952 1282 temporum
1997 1216 2150 1258 cum
2194 1193 2551 1280 Philippus
2575 1213 2745 1279 puer

406 1301 501 1366 ibi
547 1302 981 1385 educabatur,
1029 1302 1328 1387 loquitur
1372 1307 1447 1366 ut
1518 1302 1602 1367 de
1674 1301 1872 1381 χωρίῳ
1916 1298 2114 1380 αδόξῳ
2162 1300 2303 1364 τότε
2349 1324 2424 1377 γε
2470 1298 2587 1363 ἕντι
2633 1298 2739 1363 καὶ

406 1409 615 1488 μικρῷ,
662 1409 946 1497 opponit
991 1430 1122 1495 que
1167 1429 1320 1473 mea
1370 1408 1645 1494 quidem
1712 1408 2049 1474 sententia
2092 1429 2215 1495 per
2260 1406 2431 1472 illud
2475 1405 2614 1470 τότε
2663 1429 2741 1482 γε

408 1515 649 1581 urbem
692 1516 1047 1582 florentem
1086 1517 1327 1581 aetatis
1375 1537 1535 1581 suae
1579 1515 1865 1604 pristino
1910 1515 2178 1603 oppido.

496 1621 1040 1688 Consentaneum
1085 1629 1187 1687 est
1234 1623 1563 1711 suspicari
1614 1622 2271 1687 administrationem
2316 1626 2387 1686 et
2428 1621 2743 1685 instituta

404 1729 678 1795 illarum
719 1728 988 1794 urbium
1027 1728 1617 1795 Macedonicarum
1646 1751 1786 1795 non
1830 1729 1929 1794 116
1966 1728 2256 1793 multum
2302 1727 2744 1814 discrepuisse

407 1837 493 1901 ab
553 1836 881 1901 institutis
940 1837 1467 1925 Amphipolidis,
1555 1842 1633 1901 111
1694 1858 1898 1923 supra
1986 1835 2078 1922 (p.
2150 1837 2260 1917 21)
2366 1833 2745 1900 describere

404 1944 633 2010 0011611
671 1965 932 2025 611111116;
1006 1944 1401 2010 concionem
1466 1943 1685 2031 plebis
1753 1964 1908 2009 cum
1961 1942 2281 2030 prostatis
2347 1940 2480 2006 illis
2529 1941 2743 2006 admi-

404 2048 792 2115 nistrationi
833 2070 1059 2116 rerum
1106 2051 1192 2116 ad
1240 2050 1477 2116 urbem
1523 2050 1744 2137 ipsam
1810 2050 2299 2138 pertinentium
2347 2047 2739 2135 praefuisse,

404 2162 704 2222 ceterum
775 2157 957 2223 cives
1022 2164 1259 2246 utpote
1328 2158 1732 2224 Macedones
1801 2158 2136 2244 subjectos
2203 2155 2410 2221 fuisse
2477 2153 2740 2239 legibus

401 2264 618 2348 regni,
680 2263 881 2328 urbes
951 2265 1134 2352 ipsas
1202 2271 1429 2331 autem
1502 2265 1744 2331 eodem
1808 2264 1956 2330 1000
2021 2262 2371 2328 habendas
2418 2282 2563 2326 esse
2611 2282 2742 2346 quo

401 2376 646 2457 postea
694 2371 1064 2459 municipia
1107 2372 1591 2438 Romanorum.

1360 2626 1781 2635 ————-⁴——.

490 2816 531 2895 g
574 2810 672 2879 12.
744 2810 831 2880 De
879 2811 1133 2896 imperio
1182 2810 1589 2881 Macedonico
1637 2829 1677 2880 a
1722 2810 1994 2897 Philippo
2042 2812 2100 2881 in
2150 2814 2397 2896 Europa
2441 2811 2653 2880 aucto.

493 3034 643 3099 Hoc
688 3034 834 3100 fere
877 3034 1012 3102 fuit
1056 3056 1343 3120 regnum
1389 3035 1903 3102 Macedonicum
1949 3043 2024 3101 ut
2063 3058 2104 3101 a
2124 3035 2446 3123 Philippo
2473 3042 2744 3101 auctum

403 3149 472 3230 et
533 3140 878 3206 firmatum
947 3148 1063 3206 661.
1157 3142 1361 3207 Fines
1433 3149 1662 3208 autem
1726 3144 1936 3231 ipsius
2004 3142 2462 3226 Macedoniae,
2513 3166 2746 3209 earum

401 3248 758 3333 regionum
830 3270 1002 3333 quae
1073 3247 1158 3313 ab
1227 3250 1374 3337 ipso
1433 3272 1593 3336 rege
1661 3251 2032 3316 secundum
2092 3250 2277 3336 leges
2347 3256 2415 3315 et
2475 3250 2742 3315 institu-

400 3354 619 3419 tiones
689 3351 1137 3420 Macedonum
1204 3363 1553 3442 reguntur,
1621 3379 1759 3424 non
1827 3357 2196 3423 admodum
2266 3364 2504 3423 6110166
2567 3364 2740 3422 611111.

397 3461 573 3546 Agri
639 3462 911 3526 urbium
973 3462 1406 3546 Graecarum,
1468 3486 1644 3549 quae
1691 3464 1861 3529 61166
1910 3470 2104 3529 616111
2147 3466 2326 3529 111161
2372 3486 2492 3530 016
2536 3466 2746 3530 Ρ61161

399 3573 469 3632 61
537 3568 733 3633 Ν6611
777 3567 1154 3652 fluminum,
1192 3570 1597 3657 paeninsula
1644 3570 2034 3636 Chalcidice
2078 3571 2516 3636 Macedonica
2560 3572 2745 3637 facta

398 3681 579 3758 sunt,
665 3675 949 3761 perinde
1042 3696 1120 3740 60
1185 3698 1343 3763 pars
1427 3678 1890 3744 meridionalis
1956 3677 2253 3764 Illyriae,
2347 3677 2744 3767 Tymphaea

397 3792 466 3847 et
511 3781 883 3863 Paravaea,
931 3782 1323 3869 provinciae
1368 3784 1777 3871 Epiroticae,
1825 3786 2224 3850 Maedorum
2264 3786 2431 3870 agri.

489 3887 626 3953 Sed
693 3888 1055 3975 imperium
1120 3889 1653 3973 Macedonicum,
1716 3896 1794 3955 ut
1854 3891 1980 3957 hoc
2050 3891 2326 3956 nomine
2373 3892 2744 3979 amplectar

395 4015 629 4059 omnes
674 3994 980 4080 regiones
1030 3996 1351 4084 Philippo
1398 3996 1625 4083 aliquo
1669 3998 1872 4064 modo
1911 3998 2259 4081 obnoxias,
2297 4004 2568 4063 tantum
2604 4020 2742 4064 non

394 4105 543 4165 tota
610 4103 1013 4188 paeninsula
1080 4127 1121 4169 a
1188 4104 1475 4170 Meridie
1541 4104 1845 4169 Danuvii
1891 4102 2190 4168 fluminis
2245 4104 2740 4170 continebatur.

397 4203 694 4291 Scythae
740 4210 923 4274 enim
971 4233 1010 4275 a
1050 4210 1337 4276 Meridie
1380 4211 1583 4297 hujus
1621 4210 1942 4275 fluminus
1984 4211 2205 4276 adhuc
2247 4232 2389 4276 sese
2427 4213 2502 4277 in
2540 4211 2740 4276 liber-

393 4317 607 4377 tatem
673 4314 1215 4400 vindicaverunt,
1300 4317 1522 4404 Illyrii
1598 4317 1781 4383 ultra
1861 4318 2188 4385 Scodram
2254 4319 2494 4384 urbem
2551 4317 2740 4384 nullo

454 4528 500 4598 1)
537 4529 830 4601 Verslagen
869 4548 936 4585 en
974 4531 1188 4586 Meded.
1227 4532 1325 4587 der
1362 4533 1504 4587 Kon.
1550 4533 1722 4589 Acad.
1762 4533 1917 4589 1884.
1960 4535 2009 4588 1.
2047 4552 2100 4604 p.
2141 4534 2261 4589 298.
