3338 5350
1541 525 1628 589 39

416 720 697 784 maximi
764 720 1087 784 momenti
1156 718 1382 803 fuisse,
1455 743 1606 785 cum
1676 720 1804 786 hoc
1868 743 2044 786 anno
2091 722 2485 787 societatem
2529 723 2763 790 inierit

416 849 574 892 cum
618 825 1165 909 Atheniensibus»,
1237 827 1699 892 Phocensibus
1770 827 2109 914 subjectis,
2176 828 2425 895 sodalis
2469 829 2755 918 Amphi-

417 940 742 1019 ctyonum
802 932 1069 1020 collegii
1131 933 1351 999 factus
1398 935 1506 1019 sit,
1581 934 1825 1019 quibus
1894 934 2091 1000 rebus
2160 937 2346 1001 nisus
2416 935 2617 1002 facile
2684 938 2754 1003 id

418 1040 686 1107 efficere
753 1043 995 1130 potuit,
1067 1047 1143 1106 ut
1216 1047 1494 1128 augeret
1563 1041 2040 1107 auctoritatem
2088 1064 2282 1107 suam
2326 1044 2402 1107 in
2448 1043 2753 1109 Graecia.

420 1148 606 1227 Quae
649 1149 795 1213 sine
838 1149 1045 1214 dubio
1093 1170 1386 1215 crescere
1432 1147 1779 1235 pergebat.

503 1254 705 1320 Anno
792 1257 924 1320 242
1011 1263 1376 1343 postquam
1441 1277 1546 1321 res
1593 1254 1986 1321 Thessaliae
2067 1262 2134 1321 et
2198 1256 2394 1343 Epiri
2456 1257 2758 1322 firmavit

415 1384 603 1427 more
671 1362 868 1427 solito
937 1364 1412 1429 auctoritatem
1481 1385 1674 1427 suam
1744 1361 1902 1428 Orei
1947 1370 2020 1427 et
2063 1363 2371 1429 Eretriae
2416 1365 2489 1428 in
2533 1365 2758 1430 insula

416 1469 695 1534 Euboea
741 1470 1110 1552 constituit,
1157 1492 1404 1557 nempe
1448 1491 1571 1556 per
1594 1470 2050 1555 magistratus,
2078 1493 2244 1556 quos
2267 1472 2758 1537 Demosthenes

417 1582 740 1662 tyrannos
788 1577 1079 1660 vocavit,
1129 1577 1273 1662 regi
1323 1582 1551 1641 autem
1597 1576 1898 1642 devincti
1947 1574 2259 1662 fuerunt3
2308 1577 2547 1643 foedus
2575 1579 2750 1665 quod

409 1683 556 1769 jam
625 1705 802 1748 anno
870 1683 1002 1748 350
1063 1705 1218 1748 cum
1261 1682 1775 1748 Euboeensibus
1820 1682 1994 1767 iniit,
2045 1705 2123 1749 eo
2169 1685 2368 1751 modo
2417 1692 2757 1750 mutatum

418 1796 536 1872 est,
601 1796 679 1853 ut
735 1789 1019 1877 posthac
1078 1788 1439 1877 Philippus
1498 1789 1816 1877 princeps
1880 1790 2125 1856 harum
2185 1791 2457 1857 urbium
2501 1791 2754 1858 haben-

418 1896 542 1960 dus
590 1896 677 1960 sit
703 1895 776 1980 1).

507 2002 641 2068 Sed
688 2025 827 2068 non
874 2013 1032 2068 ante
1079 2025 1333 2070 annum
1378 2005 1528 2087 338,
1555 2010 1710 2091 post
1733 2026 2041 2091 pugnam
2064 2006 2249 2092 apud
2274 2004 2749 2088 Chaeroneam,

417 2131 552 2194 qua
619 2109 797 2175 bello
865 2133 1072 2194 sacm,
1142 2119 1332 2197 gesto
1382 2111 1466 2175 ab
1537 2110 2068 2175 Atheniensibus
2138 2111 2458 2177 societate
2499 2111 2754 2197 junctis

413 2239 569 2282 cum
613 2218 911 2301 Euboea,
984 2217 1342 2300 ThebaniS,
1407 2217 1937 2303 Megarensibus,
2006 2216 2319 2301 Achaeis,
2367 2215 2752 2303 Corinthiis,

411 2323 731 2408 gentibus
777 2324 1245 2412 Peloponnesi,
1287 2323 1737 2406 LeucadibuS,
1803 2323 2211 2410 CorcyraeiS,
2260 2324 2753 2404 AcarnanibuS‚

413 2430 567 2495 finis
614 2432 967 2519 impositus
1038 2437 1140 2495 est
1165 2431 1242 2517 2),
1311 2432 1631 2497 universa
1701 2430 1987 2496 Graecia
2053 2431 2376 2519 Philippo
2439 2432 2757 2497 devincta

414 2544 534 2602 est.
626 2539 792 2603 Post
834 2538 1012 2604 hanc
1082 2560 1385 2626 pugnam
1446 2538 1630 2603 enim
1677 2537 1974 2603 Cadmea
2022 2560 2061 2602 a
2105 2538 2427 2626 Philippo
2474 2561 2755 2626 occupa-

411 2655 542 2729 tur,
595 2645 820 2711 exules
865 2645 939 2711 in
988 2646 1225 2712 urbem
1261 2645 1697 2729 reducuntur,
1746 2644 2044 2712 fautores
2096 2644 2530 2711 Macedoniae
2555 2646 2755 2711 rebus

410 2752 918 2840 praeficiuntur,
965 2754 1315 2841 praecipui
1363 2753 1732 2818 adversarii
1778 2752 2103 2840 Philippi,
2151 2754 2269 2839 qui
2315 2751 2554 2818 foedus
2602 2776 2756 2818 cum

411 2881 571 2946 rege
617 2862 763 2944 jam
809 2866 1010 2926 antea
1055 2860 1498 2927 constitutum
1544 2867 1887 2947 ruperant,
1958 2859 2152 2925 bonis
2201 2860 2588 2947 publicatiS,
2639 2868 2757 2926 aut

406 2965 774 3051 interfecti,
826 2973 945 3032 aut
987 2967 1061 3031 in
1099 2966 1381 3033 exilium
1424 2967 1611 3032 missi
1658 2972 1836 3050 sunt,
1883 2989 2021 3034 non
2069 2967 2287 3032 solum
2311 2968 2586 3055 captivi,
2636 2969 2754 3033 sed

410 3074 619 3139 etiam
666 3076 807 3139 acie
850 3096 1198 3140 caesorum
1243 3074 1580 3139 cadavera
1626 3074 1916 3161 pecunia
1962 3075 2356 3140 redimenda
2403 3080 2599 3140 erant
2635 3074 2707 3159 3).

499 3177 750 3247 Exules
821 3180 1226 3247 Orchomeni
1294 3181 1732 3246 Plataearum
1800 3182 2247 3269 Thespiarum
2320 3183 2389 3247 in
2458 3183 2756 3270 patriam

408 3288 672 3353 reducti
732 3295 910 3373 sunt,
969 3287 1170 3353 urbes
1241 3288 1465 3352 adhuc
1536 3288 1879 3353 Thebanis
1949 3287 2294 3374 subjectae
2362 3288 2477 3373 (cf.
2551 3312 2756 3377 supra

408 3417 564 3483 pag.
614 3395 723 3478 38)
769 3396 842 3459 in
888 3397 1226 3481 integram
1271 3394 1656 3461 libertatem
1702 3395 2056 3460 restitutae
2096 3402 2253 3461 sunt
2282 3395 2349 3478 4).

458 3602 509 3665 1)
549 3600 812 3656 Schaefer
867 3601 914 3654 2.
972 3600 1060 3667 85,
1117 3601 1236 3669 114,
1273 3601 1394 3666 418,
1432 3600 1552 3654 430.
1607 3600 1892 3654 Demosth.
1934 3600 2051 3653 133.
2094 3601 2192 3669 263
2231 3601 2351 3655 125.
2391 3601 2491 3662 18;
2531 3601 2648 3654 126.
2688 3601 2753 3669 3;

411 3691 530 3745 119.
570 3691 665 3755 2Ο;
707 3691 825 3744 125.
865 3692 958 3758 27;
1000 3691 1117 3744 113.
1157 3690 1258 3753 25;
1302 3689 1419 3742 125.
1459 3690 1543 3743 25.
1583 3690 1609 3738 ὁ
1645 3687 1923 3752 σύμμαχος
1959 3687 2129 3747 αῧτόῖς
2166 3691 2421 3747 Φίλιππος.

460 3780 508 3845 2)
545 3781 798 3835 Aeschin.
841 3780 1080 3849 Ctesiph.
1119 3779 1202 3833 95.
1243 3781 1299 3832 et
1334 3779 1452 3833 256.
1508 3779 1798 3833 Demosth.
1836 3778 1956 3832 306.
2002 3780 2098 3845 14;
2158 3780 2305 3834 Plut.
2345 3780 2630 3835 Demosth.
2671 3781 2755 3847 17,

409 3869 672 3925 Schaefer
708 3870 755 3921 2.
795 3868 915 3922 488.
957 3885 1064 3922 ann
1103 3870 1152 3921 4'.
2718 3861 2725 3868 ’

458 3957 508 4024 3)
546 3957 704 4012 Diod.
728 3958 811 4011 16.
834 3956 919 4010 87.
938 3956 987 4011 3.
1025 3957 1188 4011 Paus.
1228 3956 1275 4010 9.
1318 3957 1365 4009 1.
1405 3956 1471 4022 83
1516 3957 1565 4010 6.
1598 3958 1647 4010 5.
1689 3957 1938 4018 Θηβαίους
1976 3955 2027 4006 δὲ
2064 3956 2151 4006 καὶ
2187 3954 2237 4014 ἐς
2272 3956 2415 4008 πλέον
2454 3956 2755 4020 κατέλαβεν,

405 4045 474 4106 οἷς
529 4065 592 4111 γε
646 4046 733 4096 καὶ
787 4043 983 4109 ἐσήχθη
1037 4043 1084 4103 ἒς
1143 4046 1230 4104 τὴν
1268 4050 1423 4100 πόλιν.
1475 4046 1675 4102 Justin.
1716 4047 1764 4100 9.
1803 4047 1852 4101 4.
1894 4047 1941 4099 7.
1988 4047 2301 4117 „Principes
2341 4048 2577 4103 civitatis
2615 4048 2753 4103 alios

411 4136 621 4206 „securi
658 4136 946 4206 percussit,
985 4136 1121 4191 alios
1158 4137 1212 4189 in
1253 4136 1479 4190 exilium
1516 4137 1597 4190 ire
1636 4137 1835 4206 coegit,
1873 4137 2130 4203 bonaque
2169 4137 2419 4191 omnium
2438 4138 2751 4206 occupavit.

411 4226 639 4294 „Pulses
696 4225 892 4278 deinde
946 4242 1045 4294 per
1098 4225 1359 4294 injuriam
1414 4225 1470 4278 in
1527 4226 1767 4295 patriam
1824 4226 2081 4279 restituit.
2141 4226 2226 4280 Ex
2276 4226 2477 4279 horum
2517 4242 2751 4280 numero

413 4316 718 4385 „trecentos
757 4314 943 4369 exules
976 4313 1192 4384 judices
1231 4316 1589 4381 rectoresque
1630 4314 1842 4368 civitati
1878 4312 2082 4368 dedit.”

456 4403 506 4469 4)
542 4404 692 4457 Paus
765 4403 813 4456 9.
873 4403 920 4456 1.
979 4402 1037 4467 83
1095 4403 1140 4455 4.
1203 4403 1286 4455 27.
1338 4403 1421 4456 10.
1479 4400 1786 4466 Ὀρχομένιοι
1810 4441 1820 4454 .
1844 4444 1856 4456 .
1881 4400 2246 4466 ,κατ-ἤχθησαν
2299 4401 2348 4460 ἐς
2387 4404 2618 4453 Βοιωτίαν
2657 4401 2751 4454 ona

409 4494 651 4542 Φιλίππου
685 4496 776 4542 τοῦ
811 4490 1073 4554 Ἀμύντου,
1107 4490 1192 4541 καὶ
1218 4488 1347 4541 οὗτοι
1385 4490 1470 4541 καῖ
1504 4493 1555 4541 οἱ
1585 4493 1879 4549 Πλαταιεῖς.
