3338 5350
1668 478 1796 541 138

554 673 638 738 iis
706 674 878 738 inita
923 673 994 756 1),
1071 674 1403 739 decimam
1469 671 1735 760 partem
1793 673 2091 760 praedae
2159 673 2389 738 Rhodi
2458 679 2697 759 captae
2767 672 2896 736 diis

556 780 896 846 Thebanis
941 782 1149 846 vovit.

644 896 940 962 Perinde
962 897 1205 982 reliqui
1228 918 1500 984 quoque
1522 917 1931 961 successores
1950 895 2322 960 Alexandri
2345 895 2523 960 dona
2544 895 2896 979 dederunt,

557 1005 702 1069 sine
761 1004 968 1069 dubio
1030 1004 1238 1069 etiam
1296 1011 1452 1091 post
1511 1026 1767 1068 annum
1814 1005 1964 1087 306,
2014 1003 2266 1067 etenim
2311 1002 2384 1065 in
2422 1001 2623 1066 titulo
2667 1008 2897 1066 nostro

558 1111 872 1189 βασιλεῒες
916 1112 1357 1177 nominantur
1375 1116 1460 1194 2);
1508 1112 1691 1197 quod
1739 1110 2027 1176 verbum
2069 1110 2331 1175 indicat
2368 1131 2530 1174 sane
2554 1130 2666 1175 eos
2691 1109 2896 1173 etiam

559 1220 739 1284 dona
783 1217 1048 1283 Thebas
1095 1219 1354 1283 misisse
1396 1225 1761 1306 postquam
1783 1217 2047 1303 regium
2069 1216 2347 1281 titulum
2373 1221 2894 1302 assumpserunt.

646 1325 844 1390 Hanc
887 1325 974 1390 ob
1017 1347 1163 1390 rem
1209 1347 1287 1391 eo
1334 1326 1735 1392 adducimur
1756 1331 1835 1389 ut
1858 1324 2274 1411 suspicemur
2307 1323 2598 1409 gratiam
2622 1329 2901 1410 propter

559 1433 958 1499 donationes
1023 1432 1233 1498 fuisse
1292 1454 1566 1497 causam
1630 1454 1750 1497 cur
1810 1431 2072 1496 duobus
2138 1430 2332 1495 annis
2391 1438 2547 1517 post
2592 1428 2899 1494 Thebani

559 1541 890 1627 templum
933 1540 1357 1628 Aphroditae
1401 1541 1685 1604 Lamiae
1732 1540 1803 1603 in
1849 1537 2179 1603 Demetrii
2216 1537 2541 1603 honorem
2564 1536 2899 1620 voverint,

560 1648 837 1713 minime
905 1655 1164 1713 metum
1216 1654 1295 1713 ut
1352 1647 1664 1733 Droysen
1709 1647 1771 1710 2.
1821 1648 1883 1711 2.
1935 1646 2062 1710 193
2106 1643 2438 1732 perhibet.
2487 1644 2625 1708 Res
2674 1651 2904 1708 autem

560 1754 839 1820 maximi
883 1755 1211 1821 momenti
1251 1755 1382 1819 hac
1425 1754 1864 1841 inscriptione
1909 1751 2256 1840 patefacta
2303 1758 2424 1835 est,
2447 1774 2694 1838 nempe
2717 1751 2899 1837 quod

558 1863 897 1927 restitutio
945 1861 1128 1927 urbis
1176 1883 1312 1927 non
1362 1869 1521 1926 ante
1568 1883 1824 1926 annum
1870 1860 2001 1925 300
2049 1860 2132 1925 ad
2182 1859 2390 1924 finem
2424 1858 2756 1946 perducta
2779 1863 2902 1942 est,

560 1969 742 2055 quod
810 1974 968 2033 ante
1026 1969 1208 2033 hunc
1270 1990 1525 2033 annum
1583 1971 1723 2033 non
1783 1966 1972 2053 loqui
2009 1988 2363 2053 possumus
2411 1966 2496 2030 de
2536 1964 2783 2030 Thebis
2828 1965 2905 2029 in

560 2076 903 2161 integrum
969 2076 1318 2141 restitutis,
1400 2076 1492 2140 Et
1561 2076 1800 2140 eodem
1869 2081 2174 2160 tempore
2241 2074 2314 2137 in
2380 2094 2616 2138 veram
2681 2072 2906 2138 lucem

558 2182 866 2270 procedit
936 2182 1121 2248 locus
1190 2181 1539 2247 Plutarchi
1610 2181 1991 2246 Demetrius
2057 2181 2165 2264 40,
2229 2202 2268 2244 a
2329 2190 2401 2243 v⁰
2460 2179 2534 2243 d⁰
2592 2180 2907 2265 Droysen

561 2291 920 2355 damnatus
958 2287 1025 2372 3),
1096 2290 1215 2375 qui
1281 2289 1450 2353 dicit
1519 2289 1605 2353 de
1664 2309 1841 2352 anno
1907 2288 2073 2351 290:
2131 2294 2269 2357 ταῖς
2329 2286 2439 2362 μὲν
2502 2278 2597 2348 οὖν
2661 2285 2906 2362 Θήβαις

563 2396 722 2460 οὔπω
786 2396 1040 2460 δέκατον
1102 2396 1475 2473 οἰκουμέναις
1536 2393 1672 2468 ἔτος
1712 2394 1942 2458 ἁλῶναι
1980 2393 2073 2466 δὶς
2122 2395 2180 2457 ἐν
2224 2394 2307 2472 τῷ
2353 2390 2544 2472 χρόνῳ
2590 2392 2901 2457 συνέπεσε.

560 2503 964 2569 Plutarchus
1027 2504 1229 2585 enim,
1294 2524 1450 2568 cum
1510 2503 1637 2568 hoc
1699 2501 2040 2584 scriberet,
2087 2499 2275 2565 nullo
2324 2501 2523 2565 modo
2570 2501 2909 2586 spectavit

564 2612 650 2677 ad
719 2609 1083 2677 Cassandri
1152 2613 1498 2677 decretum
1569 2609 1732 2674 anni
1789 2610 1920 2673 316
1987 2609 2320 2695 (quotiens
2382 2608 2565 2672 enim
2608 2608 2769 2671 inde
2818 2606 2907 2671 ab

561 2718 680 2784 illo
728 2741 906 2784 anno
952 2741 1163 2806 usque
1225 2720 1310 2784 ad
1363 2741 1619 2783 annum
1659 2719 1794 2782 290
1841 2717 1998 2781 urbs
2045 2724 2247 2803 capta
2295 2722 2365 2780 et
2407 2714 2698 2779 liberata
2743 2723 2845 2779 est
2865 2717 2910 2794 1)

563 2827 677 2891 sed
730 2828 817 2891 ad
862 2825 1029 2891 illud
1078 2833 1408 2913 punctum
1455 2825 1777 2912 temporis
1826 2846 1958 2910 quo
2004 2824 2163 2889 urbs
2210 2824 2283 2887 in
2329 2824 2673 2908 integrum
2718 2821 2912 2886 resti-

563 2934 715 2998 tuta
763 2941 882 3017 est,
928 2934 1001 2997 id
1049 2939 1155 2998 est
1198 2933 1283 2997 ad
1338 2955 1591 2998 annum
1641 2931 1785 2997 fere
1834 2933 1985 2997 300.

655 3038 972 3105 Ceterum
1018 3041 1500 3127 suspicandum
1547 3047 1647 3105 est
1693 3039 1932 3105 urbem
1976 3040 2425 3104 instauratam
2474 3059 2609 3102 non
2657 3039 2729 3100 in
2754 3058 2912 3100 eum

565 3154 819 3213 statum
862 3146 1196 3213 libertatis
1240 3147 1624 3212 restitutam
1671 3169 1834 3230 esse,
1873 3168 2004 3231 quo
2027 3146 2328 3231 reliquae
2350 3145 2551 3210 urbes
2585 3143 2913 3209 Graeciae

565 3253 985 3319 fruebantur.
1086 3254 1237 3319 Hae
1284 3255 1464 3318 enim
1509 3276 1882 3339 numquam
1930 3253 2391 3319 autonomiam
2437 3273 2630 3316 suam
2674 3250 2912 3314 amise-

565 3368 745 3440 runt,
787 3383 942 3427 cum
991 3363 1075 3427 de
1121 3360 1369 3426 Thebis
1418 3367 1748 3449 appareat
1794 3360 2031 3425 urbem
2076 3382 2215 3425 non
2262 3359 2347 3423 ab
2388 3359 2574 3424 omni
2617 3363 2812 3444 parte
2836 3356 2915 3420 in

568 3468 954 3534 libertatem
1020 3469 1405 3533 restitutam
1474 3491 1633 3533 esse.
1708 3467 1988 3532 Nummi
2036 3467 2214 3530 hanc
2283 3487 2426 3529 rem
2472 3485 2595 3530 nos
2642 3464 2913 3528 docent.

565 3576 960 3661 Numquam
1028 3576 1207 3639 enim
1275 3574 1475 3640 urbes
1521 3573 1850 3639 Craeciae
1896 3572 2377 3656 meridionalia
2452 3579 2525 3636 ut
2570 3571 2910 3653 Athenae,

571 3682 933 3748 Corinthus
1004 3689 1072 3747 et
1140 3682 1331 3765 aliae,
1403 3682 1653 3768 Sicyon
1716 3687 1945 3746 autem
1990 3679 2388 3767 excipienda
2433 3684 2553 3761 est,
2600 3698 2915 3742 nummos

533 3788 1039 3854 ·Macedonicos
1089 3789 1480 3873 ediderunt3
1532 3788 1781 3854 Thebis
1830 3796 2058 3853 autem
2094 3788 2277 3851 intra
2301 3807 2512 3851 annos
2537 3783 2914 3867 315—288,

565 3895 648 3960 iis
717 3896 1133 3983 temporibus
1201 3896 1414 3982 igitur
1479 3896 1725 3982 quibus
1788 3889 2167 3959 Cassander
2214 3900 2284 3957 et
2329 3891 2712 3957 Demetrius
2757 3890 2917 3954 urbi

617 4158 666 4215 1)
705 4157 849 4210 Plut.
906 4157 1145 4213 Demetr.
1202 4156 1285 4208 23.
1344 4155 1502 4209 Diod.
1559 4155 1642 4208 20.
1702 4154 1820 4208 100.
1860 4155 1908 4207 6.
1966 4154 2159 4224 Droys.
2200 4154 2249 4206 2.
2288 4153 2337 4206 2.
2378 4152 2495 4206 181.
2555 4150 2796 4205 Dittenb.
2837 4150 2917 4204 1.1.

571 4262 697 4301 ann.
736 4246 786 4298 6.

620 4336 666 4400 2)
703 4334 941 4388 Dittenb.
982 4334 1053 4388 1.1.
1093 4352 1142 4388 v.
1181 4334 1267 4387 35.

623 4423 673 4493 3)
716 4425 911 4494 DroyS.
950 4424 999 4480 2.
1040 4425 1088 4476 2.
1127 4422 1247 4478 280.
