3338 5350
1774 484 1863 548 50

650 682 854 747 etiam
913 682 1186 747 nomine
1245 702 1365 746 suo
1410 679 2002 766 distinguebantur
2068 700 2221 744 cum
2279 678 2423 744 sive
2488 677 2791 765 „ssroefpot”
2838 678 2981 744 sive

654 788 940 875 „tmen”
987 788 1515 871 nominarentur,
1562 788 1610 854 J
1612 787 1875 852 ustinus
1921 808 1986 852 v.
2037 807 2093 850 c.
2163 807 2275 851 eos
2335 785 2588 871 ubique
2639 785 2977 873 „equites”

651 895 954 984 appellat
980 894 1050 976 1).
1119 894 1395 980 Reliqui
1463 892 1887 980 stipendiarii
1956 890 2231 957 fuerunt
2300 890 2638 972 πεζέταιροι
2701 898 2768 957 et
2810 893 2979 958 levis

653 1008 1011 1085 armatura,
1082 1024 1123 1066 a
1192 1001 1435 1088 quibus
1524 1008 1756 1066 tamen
1839 1000 2097 1065 hetaeri
2179 1020 2316 1065 non
2384 999 2695 1065 omnibus
2764 999 2980 1064 modis

652 1117 1057 1203 segregandi
1102 1123 1278 1181 sunt.
1370 1117 1552 1181 Nam
1595 1114 1927 1182 Arrianus
1977 1116 2034 1179 1.
2068 1115 2171 1179 14.
2194 1116 2257 1179 2.
2321 1121 2801 1180 commemorat
2844 1113 2979 1186 τοὺς

655 1223 1054 1296 ὑπασπιστὰς
1099 1227 1215 1288 τῶν
1263 1222 1529 1303 ἑταίρων,
1598 1222 1882 1289 fortasse
1951 1222 2065 1287 ad.
2107 1221 2375 1287 eosdem
2447 1227 2758 1309 spectans
2817 1243 2978 1307 quos

656 1332 712 1395 1.
737 1330 801 1395 8.
826 1332 871 1394 4
914 1332 1223 1396 nominat
1266 1329 1405 1402 τοὺς
1451 1328 1854 1401 ὑπασπιστὰς
1898 1328 2039 1400 τοὺς
2084 1327 2449 1405 βασιλικούς
2476 1329 2542 1407 ²).

740 1435 911 1503 Cum
978 1437 1159 1503 infra
1230 1436 1891 1504 commemorandum
1960 1436 2066 1518 sit,
2136 1435 2398 1501 sodales
2466 1435 2667 1521 hujus
2727 1435 2978 1502 ordinis

653 1544 858 1609 etiam
901 1545 974 1608 in
1017 1545 1217 1611 rebus
1261 1545 1552 1632 politicis
1598 1542 1926 1609 nobiliore
1969 1542 2116 1608 loco
2154 1541 2379 1626 fuisse,
2426 1549 2665 1630 utpote
2708 1542 2978 1631 partici-

651 1672 769 1738 pes
817 1651 1085 1717 concilii
1129 1653 1556 1717 hetaerorum
1600 1649 1800 1716 rebus
1846 1648 2118 1735 majoris
2187 1650 2513 1715 momenti
2572 1648 2976 1733 interfuisse,

651 1758 777 1823 hoc
841 1759 988 1824 loco
1057 1757 1352 1823 sufficiat
1411 1758 1680 1824 tradere
1747 1778 1860 1822 eos
1928 1755 2104 1820 hanc
2169 1755 2255 1821 ob
2322 1777 2466 1820 rem
2503 1754 2656 1841 jure
2721 1755 2978 1821 nobiles

652 1872 925 1931 vocatos
994 1887 1155 1948 esse,
1226 1866 1342 1952 qui
1410 1866 1797 1932 conditione
1864 1863 2048 1929 haud
2119 1861 2427 1928 dissimili
2488 1860 2784 1946 fuerunt,
2850 1884 2980 1948 qua

652 1972 928 2038 fuerunt
973 1974 1233 2040 nobiles
1280 1972 1483 2038 medii
1534 1972 1687 2037 aevi
1714 1971 1785 2058 3).

742 2080 878 2145 Sed
945 2080 1250 2146 homines
1319 2079 1733 2145 nobilissima
1801 2079 2009 2166 stirpe
2077 2080 2224 2160 orti,
2287 2079 2492 2144 immo
2562 2100 2764 2165 saepe
2807 2079 2978 2166 regis

654 2186 913 2272 affineS,
984 2188 1160 2252 inter
1226 2187 1402 2252 hanc
1483 2185 1907 2251 nobilitatem
1966 2187 2260 2272 primum
2318 2184 2543 2251 locum
2595 2190 2977 2268 tenuerunt,

655 2296 906 2382 quippe
992 2295 1107 2381 qui
1177 2300 1396 2359 essent
1474 2293 1831 2359 concilium
1898 2294 2095 2378 regiS,
2158 2293 2536 2380 praecipuis
2606 2290 2847 2359 officiis
2916 2298 2980 2356 et

652 2402 1040 2467 muneribus
1106 2400 1573 2487 fungerentur,
1642 2401 1713 2464 in
1783 2399 1939 2464 aula
1982 2401 2167 2485 regia
2228 2399 2780 2465 consuetudinem
2831 2420 2979 2463 cum

651 2530 813 2594 rege
856 2506 1204 2573 haberent.
1252 2508 1488 2572 Livius
1534 2507 1642 2571 45.
1692 2508 1796 2571 32.
1848 2507 1889 2570 4
1938 2506 2024 2571 ad
2071 2528 2182 2572 eos
2230 2513 2508 2594 spectat,
2556 2528 2713 2571 cum
2756 2510 2981 2571 narret

652 2615 995 2680 Romanos
1042 2636 1220 2681 anno
1270 2615 1395 2680 167
1443 2613 1564 2680 hos
1612 2635 1844 2679 omnes
1890 2614 2185 2700 coegisse
2233 2620 2306 2678 ut
2326 2613 2561 2679 relicta
2584 2614 2979 2679 Macedonia

655 2722 844 2786 sedes
912 2723 983 2786 in
1056 2722 1320 2787 [taliam
1387 2727 1748 2801 mutarent,
1819 2727 1976 2785 sunt
2043 2720 2247 2785 iidem
2316 2720 2402 2785 de
2469 2720 2711 2807 quibus
2782 2720 2976 2784 dicit:

661 2828 1028 2914 „nominati
1117 2834 1273 2893 sunt
1362 2829 1542 2892 enim
1630 2828 1806 2912 regis
1904 2827 2099 2892 amici
2188 2827 2696 2914 purpuratique,
2782 2827 2979 2891 duces

661 2933 1110 3021 „exercituum
1155 2933 1484 3022 praefecti
1531 2935 1812 3000 navium
1858 2940 1975 2998 aut
2023 2934 2531 3020 praesidiorum,
2567 2936 2819 2999 servire
2840 2934 2981 3018 regi

662 3039 1062 3127 „humiliter,
1137 3041 1283 3106 aliis
1333 3041 1619 3128 superbe
1664 3044 1997 3125 imperare
2045 3039 2341 3122 adsueti3
2388 3040 2802 3127 praedivites
2850 3041 2975 3123 alii,

663 3145 818 3232 „alii
853 3168 1018 3233 quos
1057 3145 1331 3212 fortuna
1368 3169 1503 3212 non
1548 3152 1934 3232 aequarent,
1976 3145 2079 3210 his
2104 3146 2479 3234 sumptibus
2501 3168 2733 3233 pares3
2759 3149 2976 3233 regius

662 3253 1009 3340 „omnibus
1083 3256 1302 3321 victus
1378 3255 1814 3340 vestitusque,
1877 3253 2047 3319 nulli
2126 3255 2336 3319 civilis
2414 3255 2696 3338 animuS,
2764 3276 2978 3340 neque

663 3360 949 3447 „legum,
1018 3384 1237 3448 neque
1301 3362 1629 3427 libertatis
1677 3383 1891 3447 aeque
1933 3362 2199 3449 patiens
2225 3360 2342 3447 4).”
2387 3360 2733 3428 Institutio
2780 3384 2981 3447 quam

647 3468 893 3533 Livius
952 3469 1055 3533 his
1119 3468 1280 3534 locis
1345 3470 1588 3555 tangit,
1657 3469 1954 3556 pertinet
2019 3469 2106 3533 ad
2154 3469 2289 3541 τοὺς
2335 3469 2549 3549 φίλους
2596 3468 2978 3546 βασιλικούς,

657 3574 1086 3639 sodalitatem
1118 3575 1685 3640 nobilissimorum
1728 3576 2095 3658 hominum,
2142 3576 2258 3661 qui
2299 3582 2445 3640 tam
2478 3577 2551 3640 in
2597 3576 2755 3641 aula
2799 3577 2981 3662 regia

661 3702 865 3767 quam
916 3683 987 3744 in
1054 3683 1285 3746 castris
1354 3682 1498 3767 regi
1556 3686 1825 3768 praesto
1896 3679 2193 3765 fuerunt,
2258 3682 2374 3767 qui
2420 3689 2698 3769 propter
2757 3681 2981 3748 officia

659 3790 731 3854 in
797 3789 1029 3854 castris
1115 3787 1611 3873 quodammodo
1680 3789 2047 3875 comparari
2136 3794 2423 3876 possunt
2491 3811 2644 3854 cum
2735 3791 2978 3872 amiciS,

656 3895 1267 3979 contubernalibus,
1316 3895 1588 3960 cohorte
1630 3896 1970 3983 praetoria
2014 3895 2458 3981 posteriorum
2501 3896 2981 3983 imperatorum

710 4153 760 4218 1)
798 4154 1007 4208 Arrian.
1045 4155 1096 4208 3.
1134 4155 1216 4209 27.
1254 4155 1314 4218 4;
1356 4154 1579 4209 Curtius
1615 4153 1664 4206 6.
1705 4153 1755 4206 9.
1791 4152 1840 4205 2.

712 4242 761 4307 2)
799 4243 1009 4297 Arrian.
1049 4243 1099 4296 3.
1141 4243 1221 4296 13.
1262 4243 1324 4307 63
1362 4242 1411 4296 5.
1451 4243 1535 4296 13.
1575 4243 1624 4295 4.
1664 4241 1732 4295 of.
1770 4239 1902 4295 Abel
1939 4243 2060 4297 132.

713 4329 767 4400 ³)
807 4331 956 4385 Abel.
995 4332 1114 4385 127.

713 4418 762 4485 4)
801 4420 866 4473 ef.
903 4421 1017 4484 Ljv.
1056 4421 1139 4474 30.
1180 4420 1264 4473 42.
1303 4421 1370 4483 63
1410 4420 1494 4473 29.
1531 4420 1617 4473 32.
1656 4420 1715 4480 1;
1753 4421 1839 4473 44.
1876 4421 1961 4474 23.
1998 4421 2062 4489 2;
2098 4422 2183 4476 24.
2225 4421 2273 4474 9.
2314 4424 2417 4477 oet.
