3338 5350
1693 521 1788 585 44

584 715 912 800 Corinthi,
982 717 1056 781 in
1107 738 1258 780 arce
1304 716 1618 800 Cadmea,
1693 716 1997 803 Sicyone,
2066 716 2472 783 Ambraciae
2541 725 2611 784 et
2656 718 2806 783 aliis
2853 719 2926 784 in

582 824 864 889 urbibus
892 824 964 906 1).

668 930 958 996 Foederi
1010 931 1357 1016 injunctae
1423 936 1582 995 sunt
1650 929 1991 1017 Cycladae
2035 931 2317 1015 insulae,
2365 931 2639 1017 Thasos,
2690 931 2924 1000 Samo-

583 1039 814 1103 thrace
862 1044 929 1102 et
974 1038 1299 1122 Tenedos,
1348 1037 1823 1103 verosimiliter
1869 1037 2072 1103 etiam
2120 1039 2392 1124 LestS,
2417 1039 2834 1126 Byzantium
2858 1047 2928 1105 et

580 1145 944 1209 Perinthus
969 1166 1111 1209 sese
1127 1144 1448 1232 Philippo
1474 1143 1993 1232 applicaverunt
2020 1147 2092 1228 2).
2117 1144 2371 1224 Quibus
2391 1147 2745 1212 addendae
2769 1153 2927 1212 sunt

584 1275 816 1317 omnes
862 1258 1099 1337 gentes
1146 1252 1446 1317 Graecae
1491 1252 1673 1316 intra
1728 1251 2234 1339 Thermopylas,
2286 1252 2639 1340 Spartanis
2687 1276 2925 1341 excep-

583 1361 669 1425 tis
696 1358 763 1443 3).
857 1359 1013 1424 Non
1075 1380 1243 1445 opus
1289 1366 1390 1424 est
1458 1358 1680 1423 dicere
1740 1356 1959 1442 urbes,
2022 1360 2095 1423 in
2148 1360 2281 1424 oris
2346 1360 2687 1426 Thracicis
2740 1362 2923 1445 sitas,

582 1467 903 1554 Philippo
948 1465 1306 1551 subjectaS,
1343 1488 1564 1551 neque
1609 1466 1827 1552 magis
1876 1466 2294 1532 Thessaliam
2338 1468 2540 1553 hujus
2586 1469 2926 1534 societatis

583 1573 946 1662 participes
993 1595 1132 1638 non
1176 1571 1384 1638 fuisse
1411 1573 1481 1655 4).

670 1683 776 1746 Ex
823 1680 1387 1768 praecedentibus
1432 1686 1626 1768 patet
1672 1701 1809 1745 non
1850 1681 2218 1746 admodum
2255 1682 2473 1746 multa
2497 1683 2583 1747 de
2606 1683 2928 1748 societate

582 1788 702 1853 illa
749 1794 1044 1854 aetatem
1089 1786 1344 1871 tulisse,
1391 1793 1624 1852 tamen
1674 1809 1754 1851 ea
1799 1809 1974 1872 quae
2018 1795 2182 1854 nota
2238 1796 2396 1854 sunt
2441 1788 2789 1854 sufficiunt
2837 1791 2927 1855 ad

582 1894 758 1960 hanc
803 1918 949 1961 rem
986 1894 1605 1978 demonstrandam,
1655 1894 1839 1979 quod
1887 1895 2167 1960 societas
2192 1904 2423 1962 nostra
2446 1897 2685 1962 eodem
2722 1898 2930 1963 modo

582 2025 717 2089 quo
765 2003 1045 2068 societas
1114 2001 1638 2067 Atheniensium
1711 2002 1874 2065 anni
1920 2003 2052 2069 378
2119 2003 2466 2068 nitebatur
2535 2004 2927 2070 autonomia

582 2110 931 2194 sociorum,
979 2115 1312 2195 quatenus
1350 2108 1629 2173 libertas
1668 2107 1788 2174 illa
1834 2109 2033 2174 rebus
2070 2110 2408 2175 societatis
2434 2113 2928 2178 accommodari

581 2223 824 2305 potest.
915 2216 1096 2281 Nam
1137 2223 1617 2303 praeterquam
1663 2215 1847 2301 quod
1895 2216 2102 2281 variis
2148 2216 2311 2282 locis
2384 2219 2564 2305 apud
2611 2219 2926 2305 antiquos

582 2325 938 2411 scriptores
978 2325 1238 2389 dictum
1263 2330 1363 2388 est
1409 2323 1701 2388 Graecos
1726 2322 2113 2388 libertatem
2137 2346 2328 2389 suam
2362 2347 2499 2390 non
2525 2327 2825 2391 amisisse
2854 2327 2926 2410 ⁵),

582 2431 859 2518 insuper
896 2431 1064 2495 haec
1110 2453 1215 2496 res
1264 2436 1552 2518 apparet
1596 2452 1632 2495 e
1656 2430 1858 2496 rebus
1885 2454 1925 2496 a
1950 2432 2265 2516 synedrio
2289 2433 2517 2517 gestis.
2566 2433 2928 2521 Philippus

585 2538 767 2602 enim
829 2560 869 2602 a
921 2538 1114 2602 sociis
1150 2538 1320 2603 ‘dux
1374 2544 1638 2602 creatus
1687 2544 1790 2602 est
1831 2537 1918 2602 ad
1965 2536 2223 2603 bellum
2268 2539 2645 2623 gerendum
2692 2547 2929 2606 contra

581 2645 842 2728 PersaS,
890 2645 1023 2732 ipsi
1073 2645 1234 2710 socii
1278 2643 1536 2710 bellum
1604 2644 2069 2729 decreverunt,
2138 2645 2395 2712 indicto
2452 2652 2681 2712 autem
2724 2646 2926 2731 bello,

583 2753 742 2817 duci
810 2752 1207 2817 oboedirent
1267 2774 1538 2817 necesse
1584 2750 1738 2816 fuit.
1834 2752 1970 2817 Sed
2040 2754 2096 2817 si
2166 2754 2380 2818 socius
2444 2755 2614 2839 quis,
2662 2754 2929 2820 etiamsi

582 2861 715 2948 ipsi
783 2860 1185 2925 Macedones
1249 2858 1431 2945 leges
1523 2860 1861 2925 societatis
1954 2860 2361 2947 migrabant,
2454 2868 2599 2926 tum
2683 2860 2929 2947 reliqui

584 2968 870 3032 aderant
936 2974 1013 3030 ut
1080 2966 1193 3031 vel
1260 2967 1485 3053 ipsum
1553 2988 1786 3052 regem
1852 2967 1925 3030 in
1995 2967 2303 3032 ordinem
2369 2977 2706 3054 cogerent.
2814 2970 2930 3037 Sic

582 3073 1072 3139 Demosthenes
1164 3074 1314 3137 217.
1367 3074 1452 3137 14
1532 3080 2015 3138 commemorat
2103 3073 2554 3140 Athenienses
2644 3076 2930 3144 classem

583 3186 857 3245 centum
901 3180 1182 3245 navium
1250 3201 1540 3263 ornasse,
1604 3180 1714 3245 cui
1779 3179 2248 3246 Menestheum
2308 3181 2803 3269 praefecerunt,
2851 3192 2932 3249 ut

584 3286 1042 3374 propellerent
1108 3287 1380 3352 Tenedo
1450 3286 1880 3371 Macedones,
1948 3286 2067 3352 ubi
2127 3288 2408 3353 classem
2455 3312 2647 3354 suam
2692 3296 2932 3358 contra

583 3393 824 3459 foedus
876 3393 1354 3459 subduxerant.
1401 3394 1767 3459 Praeterea
1810 3393 1985 3458 nihil
2033 3395 2117 3460 ad
2142 3393 2357 3482 gen‘us
2381 3395 2673 3462 foederis
2697 3396 2927 3481 refert,

585 3501 766 3587 quod
811 3499 1068 3565 multae
1113 3499 1313 3565 urbes
1358 3501 1431 3567 vi
1479 3522 1819 3565 armorum
1842 3502 2147 3566 societati
2173 3502 2534 3588 adjunctae
2559 3512 2735 3587 sunt,
2765 3526 2930 3570 nam

584 3629 799 3694 aequo
848 3607 1047 3672 modo
1096 3615 1238 3672 tam
1283 3607 1483 3673 urbes
1551 3613 1793 3694 captae
1843 3630 2048 3693 quam
2098 3609 2295 3674 urbes
2341 3609 2616 3694 liberae,
2687 3618 2932 3698 sponte

584 3739 726 3782 sese
787 3714 1093 3780 societati
1174 3714 1375 3780 alicui
1458 3714 1803 3802 applicare
1891 3738 1931 3780 a
1999 3715 2274 3781 Graecis
2343 3716 2930 3785 existimabantur.

584 3820 733 3900 Qua
803 3823 888 3887 de
948 3844 1020 3888 re
1090 3821 1262 3887 dixit
1330 3844 1391 3886 v,
1461 3821 1524 3885 d.
1591 3821 1834 3887 Busolt
1901 3821 1975 3886 in
2041 3821 2214 3888 libro
2272 3822 2551 3889 laudato
2617 3845 2683 3910 p.
2752 3824 2927 3888 657:

635 4026 684 4090 1)
727 4027 927 4082 Strabo
982 4027 1102 4081 428.
1144 4028 1289 4081 Plut.
1328 4029 1476 4081 Atat.
1517 4026 1602 4080 33.
1645 4026 1804 4080 Diod.
1848 4027 1933 4080 17.
1973 4026 2021 4078 3.
2062 4028 2112 4081 3.
2154 4031 2210 4081 et
2244 4028 2293 4080 4.
2334 4029 2384 4082 3.
2429 4028 2588 4083 Diod.
2627 4028 2709 4082 18.
2752 4028 2834 4082 10.
2876 4030 2930 4081 2.

583 4117 822 4171 Dittenb.
864 4117 983 4171 163.
1019 4135 1068 4171 v.
1110 4117 1192 4170 12.
1236 4120 1292 4170 et
1331 4116 1413 4169 16.
1455 4116 1521 4170 cf.
1563 4115 1829 4170 Schaefer
1864 4116 1914 4169 3.
1954 4115 2037 4170 52.
2078 4134 2201 4171 ann.
2244 4119 2293 4170 4.

636 4205 686 4271 2)
726 4206 886 4260 Niese
924 4207 971 4259 1.
1012 4206 1095 4260 39.

636 4294 685 4366 3)
721 4296 917 4351 Justin.
957 4297 1005 4350 9.
1045 4296 1094 4349 5.
1134 4297 1183 4349 3.
1221 4296 1426 4350 Aelian.
1467 4297 1524 4350 V.
1564 4296 1628 4350 H.
1666 4296 1717 4349 6.
1755 4297 1801 4349 1.
1845 4296 2057 4350 Arrian.
2098 4296 2144 4349 1.
2186 4296 2235 4348 1.
2274 4295 2323 4347 2.

638 4382 687 4449 4)
727 4385 887 4440 Niese
926 4387 971 4440 1.
1013 4385 1099 4439 38.

636 4472 684 4544 5)
721 4475 1004 4530 Demosth.
1047 4474 1165 4528 213.
1206 4475 1290 4527 24.
1328 4474 1521 4544 Polyb.
1559 4475 1610 4529 9.
1649 4475 1735 4528 33.
1774 4475 1824 4529 6.
1866 4475 2047 4529 Schol.
2088 4473 2174 4529 ad.
2216 4473 2500 4528 Demosth.
2542 4474 2661 4528 255.
2703 4474 2785 4530 12.
