3338 5350
1474 541 1557 605 31

659 810 698 888 ξ
746 804 812 874 8.
891 806 978 875 De
1025 806 1317 891 Paeonia,
1366 808 1689 893 Dardanis,
1735 808 2046 892 Triballis,
2093 807 2374 894 Scythis.

437 1003 810 1070 Paeoniam
846 1026 1135 1090 regnum
1180 1003 1726 1093 Septentrionem
1775 1028 2010 1074 versus
2057 1006 2494 1071 Macedoniae
2537 1004 2688 1070 fini-

351 1112 614 1196 timum,
655 1111 800 1196 jam
844 1133 1048 1199 supra
1093 1112 1309 1178 obiter
1356 1114 1723 1199 attigimus,
1788 1112 1830 1178 J
1836 1135 1946 1178 am
1990 1112 2286 1178 vidimus
2332 1133 2509 1177 anno
2557 1113 2690 1177 358

352 1223 695 1283 mortuum
764 1241 908 1284 esse
973 1218 1269 1304 Agidem
1335 1242 1565 1306 regem
1633 1227 1878 1307 (supra.
1946 1243 2014 1308 p.
2066 1221 2129 1303 7)
2198 1222 2305 1285 cui
2376 1221 2692 1285 successit

354 1326 679 1411 Lykkeus
727 1327 871 1391 sive
915 1326 1243 1414 Lykpeus
1290 1334 1366 1391 ut
1387 1348 1638 1393 nomen
1661 1328 1807 1412 ejus
1830 1329 2121 1392 nummis
2144 1328 2541 1415 inscriptum
2566 1332 2687 1410 est,

356 1434 499 1498 sive
543 1433 868 1523 Lyppeus
905 1433 978 1516 1),
1027 1436 1143 1521 qui
1182 1434 1329 1520 jam
1377 1435 1616 1500 eodem
1662 1456 1841 1500 anno
1887 1441 2155 1500 coactus
2203 1441 2305 1500 est
2327 1455 2689 1520 agnoscere

355 1543 808 1630 principatum
855 1544 1295 1609 Macedoniae
1330 1542 1411 1629 2).
1457 1542 1698 1628 Neque
1744 1541 2022 1607 meliore
2069 1540 2342 1607 fortuna
2384 1563 2542 1606 usus
2590 1548 2691 1605 est

355 1649 538 1713 idem
603 1673 741 1735 rex,
812 1674 967 1716 011111
1029 1672 1208 1716 anno
1257 1651 1387 1714 355
1436 1647 1711 1714 foedere
1749 1648 2026 1734 junctus
2071 1670 2225 1714 cum
2270 1647 2517 1733 Illyriis
2564 1647 2690 1712 sub

356 1755 584 1822 Grabo
599 1779 779 1843 rege,
800 1779 955 1823 cum
977 1756 1348 1822 Thracibus
1376 1763 1443 1821 et
1466 1744 1994 1823 Atheniensibus
2025 1753 2091 1838 3),
2117 1776 2344 1820 rursus
2367 1753 2690 1842 Philippo

354 1863 611 1928 bellum
676 1864 923 1931 intulit.
994 1864 1253 1930 Iterum
1317 1863 1719 1952 profligatus
1790 1869 1890 1929 est
1955 1869 2021 1929 et
2065 1861 2382 1950 Philippo
2431 1859 2577 1947 subj
2587 1882 2689 1926 ec·

354 1975 464 2035 tus
511 1973 777 2037 mansit.

442 2079 686 2165 Neque
730 2085 967 2167 postea
1016 2081 1318 2166 Lycceus
1354 2084 1603 2162 noster,
1629 2100 1852 2165 neque
1875 2098 2214 2143 successor
2238 2075 2381 2162 ejus
2403 2075 2691 2141 Patraus

355 2183 563 2250 fidem
632 2207 794 2272 erga
835 2186 1242 2252 Macedones
1288 2192 1588 2251 mutasse
1632 2186 1929 2269 videtur,
1974 2183 2162 2250 nullo
2209 2184 2358 2249 loco
2407 2183 2585 2248 enim
2621 2184 2692 2246 in

351 2293 833 2379 posterioribus
877 2292 1414 2381 expeditionibus
1460 2299 1698 2358 contra
1743 2292 2066 2357 barbaros
2114 2289 2694 2379 septentrionales,

352 2420 441 2463 ne
508 2399 700 2464 initio
759 2401 955 2485 regni
1000 2399 1375 2466 Alexandri
1421 2400 1717 2491 quidem,
1767 2420 1922 2465 cum
1965 2404 2234 2463 tantum
2276 2418 2414 2463 non
2462 2418 2692 2462 omnes

354 2511 591 2591 gentes
677 2506 1238 2594 septentrionales
1310 2514 1547 2572 contra
1625 2507 2101 2572 Macedoniam
2167 2508 2694 2587 insurrexerunt,

354 2612 706 2678 Paeonum
772 2635 889 2679 rex
957 2613 1152 2680 nobis
1196 2614 1435 2680 obvius
1482 2620 1585 2680 est
1624 2620 1704 2679 ut
1750 2614 1961 2680 hostis
1997 2614 2175 2700 regis
2224 2612 2689 2679 Macedonum.

357 2716 629 2803 Contra,
677 2722 856 2807 quod
905 2721 1234 2787 Arrianus
1282 2743 1395 2788 οο8
1443 2744 1579 2787 11110
1623 2728 1858 2788 tenore
1903 2723 2210 2787 nominat
2254 2741 2409 2785 cum
2452 2719 2694 2805 Agria-

357 2828 460 2892 nis
502 2827 573 2912 4),
644 2830 761 2914 qui
829 2829 901 2892 in
967 2828 1103 2894 fide
1163 2829 1604 2894 Macedonica
1664 2834 2061 2894 manserunt
2096 2829 2177 2915 5),
2224 2828 2549 2893 indicium
2596 2832 2697 2891 est

356 2956 577 3021 neque
622 2936 839 3022 magis
888 2935 1191 3001 Paeones
1219 2936 1305 3000 ab
1329 2934 1724 3001 Alexandro
1750 2934 2092 3015 defecisse,
2115 2934 2517 3023 praesertim
2541 2954 2695 2997 cum

355 3042 586 3130 paullo
634 3048 791 3130 post
834 3042 1041 3107 iidem
1086 3041 1407 3108 Aristone
1456 3043 1626 3108 duce
1669 3041 1919 3107 milites
1957 3043 2265 3107 miserint
2288 3042 2376 3107 ad
2398 3040 2695 3105 Alexan·

360 3150 558 3215 drum
605 3151 720 3236 qui
771 3172 925 3215 cum
968 3172 1131 3236 rege
1175 3150 1613 3216 Macedonico
1653 3149 1994 3237 stipendia
2017 3147 2323 3213 facerent
2341 3150 2413 3213 in
2433 3147 2601 3214 Asia
2621 3145 2692 3236 6).

442 3257 685 3341 Neque
750 3256 876 3322 sub
946 3257 1437 3326 successoribus
1506 3256 1754 3343 Lyccei
1818 3256 2115 3321 amicitia
2158 3255 2496 3321 Paeoniae
2542 3277 2697 3320 cum

356 3364 756 3429 Macedonia
823 3363 1215 3449 languebat,
1286 3363 1456 3428 nihil
1510 3366 1704 3430 ‘enim
1777 3363 2064 3450 amplius
2130 3363 2216 3427 de
2260 3363 2340 3427 iis
2388 3363 2696 3428 audimus

356 3472 485 3537 nisi
535 3473 717 3558 quod
765 3492 943 3536 anno
991 3470 1120 3535 310
1155 3468 1514 3536 Audoleon
1541 3492 1660 3536 rex
1686 3469 2009 3534 auxilium
2030 3470 2231 3557 petiit
2256 3492 2296 3534 a
2318 3467 2696 3535 Cassandro

355 3584 588 3643 contra
654 3578 1064 3658 AutariataS,
1138 3567 1732 3663 Cassandrumque
1799 3578 1859 3642 ei
1924 3598 2124 3664 opem
2168 3576 2401 3642 tulisse
2446 3579 2516 3659 ⁷).
2566 3576 2694 3641 Illo

405 3800 451 3869 1)
488 3801 730 3856 Dittenb.
771 3802 890 3855 114.

407 3889 454 3960 2)
486 3891 645 3947 Diod.
686 3892 770 3945 16.
809 3892 859 3945 4.
899 3892 952 3944 2.

406 3978 451 4048 3)
485 3981 728 4035 Dittenb.
769 3980 896 4035 ibid.
936 3981 1095 4036 Diod.
1140 3982 1221 4035 16.
1264 3982 1348 4035 22.
1388 3982 1438 4035 3.

404 4066 451 4133 4)
486 4071 683 4124 Arrian
724 4069 771 4122 1.
811 4069 858 4123 5.
900 4070 947 4123 1.
992 4071 1058 4124 cf.
1099 4070 1254 4126 Diod.
1299 4071 1381 4123 17.
1421 4070 1470 4124 8.
1513 4071 1560 4124 1.

406 4157 454 4225 5)
490 4159 683 4213 Arrian
724 4160 771 4212 1.
814 4159 862 4212 1.
902 4159 984 4213 11.
1036 4159 1250 4229 Appian
1287 4159 1369 4213 Ill.
1410 4161 1493 4214 1-1.
1547 4157 1723 4221 ’ἔνδοξοι
1762 4159 1932 4212 δἐἷσὶν
1970 4162 2042 4226 (οἱ
2073 4160 2297 4230 Παίονες)
2334 4158 2390 4211 ἐκ
2420 4159 2698 4210 Μακεδόνων

358 4245 403 4295 δῖ
455 4247 734 4311 Ἀγριᾶνας,
786 4247 833 4297 οἳ
885 4249 955 4297 τὰ
990 4249 1217 4312 μέγιστα
1270 4251 1499 4313 Φιλίππῳ
1548 4249 1633 4299 καὶ
1689 4247 1985 4314 Ἀλεξάνδρῳ
2040 4251 2458 4317 κατεργασάμενοι
2495 4250 2701 4306 Παίονές

357 4335 446 4384 εἶσι
482 4342 576 4386 τῶν
614 4337 750 4387 κάτω
788 4340 1022 4396 Παιόνων,
1060 4337 1309 4400 Ἰλλυριοῖς
1343 4334 1541 4388 ’ἔποικοι

408 4422 452 4494 6)
487 4427 700 4480 Arrian.
742 4427 790 4479 2.
837 4427 884 4478 7.
926 4427 988 4492 53
1028 4427 1082 4481 9.
1122 4429 1170 4480 2.
1211 4427 1438 4482 Curtius
1474 4428 1524 4480 4.
1564 4428 1617 4481 9.
1658 4428 1742 4480 24.

411 4513 455 4578 7)
489 4515 671 4570 Justin
710 4516 792 4569 15.
836 4517 883 4568 2.
927 4516 974 4569 1.
1016 4516 1172 4570 Diod.
1216 4516 1299 4569 20.
1347 4516 1430 4569 19.
1473 4517 1521 4570 1.
