3338 5350
1517 506 1603 570 35

393 708 456 766 et
505 702 998 786 Dardanorum,
1061 724 1198 768 non
1267 704 1396 767 nisi
1468 703 1805 768 acerrimis
1873 703 2143 791 proeliis
2214 704 2481 769 devicta
2526 710 2730 789 gente

391 808 528 892 illa,
586 810 709 874 sibi
756 811 940 874 viam
986 811 1268 897 aperuit,
1335 818 1405 875 et
1449 810 1730 875 tandem
1776 813 2039 875 saucius
2083 832 2207 898 per
2253 811 2505 877 vallem
2570 810 2726 876 Axii

391 917 685 981 fluminis
731 918 798 981 in
846 917 1318 982 Macedoniam
1363 918 1678 1004 pervenit
1707 916 1775 1001 ¹).

474 1024 827 1106 Postrema
875 1028 1103 1089 autem
1171 1023 1508 1111 expeditio
1554 1024 1624 1087 in
1688 1021 2233 1111 Septentrionem
2279 1031 2515 1090 contra
2560 1025 2731 1089 Dar-

392 1132 602 1196 danos
650 1137 719 1194 et
759 1152 990 1215 regem
1041 1152 1273 1195 eorum
1318 1130 1639 1195 Pleurian
1709 1136 1785 1195 ut
1843 1130 2150 1216 Droysen
2219 1133 2275 1195 1.
2312 1137 2364 1196 l.
2397 1131 2522 1195 115
2572 1153 2727 1196 ann.

394 1239 426 1301 1
476 1239 873 1324 suspicatur,
947 1259 1125 1302 anno
1195 1237 1324 1302 337
1396 1237 1480 1302 ab
1527 1237 1919 1303 Alexandro
1984 1238 2276 1325 incepta,
2326 1260 2367 1302 a
2411 1237 2730 1326 Philippo

387 1346 779 1410 continuata
806 1343 880 1430 ²),
928 1345 1295 1409 admodum
1331 1366 1654 1431 prospera
1695 1343 1825 1409 fuit
1861 1344 2363 1410 Macedonibus.
2428 1345 2730 1410 Pleurias

392 1453 572 1516 enim
619 1453 758 1515 acie
821 1450 1220 1538 profligatus
1289 1457 1558 1516 coactus
1628 1458 1732 1515 est
1790 1473 2029 1539 pacem
2088 1450 2313 1516 facere
2374 1473 2530 1515 cum
2573 1451 2730 1515 Phi·

389 1554 599 1645 lippo,
629 1558 1034 1644 quibusnam
1074 1564 1300 1623 autem
1340 1557 1837 1623 conditionibus
1862 1581 2196 1644 nusquam
2230 1564 2532 1646 apparet.
2581 1558 2730 1623 Hac

387 1687 458 1729 re
507 1666 867 1730 dumtaxat
887 1687 1008 1731 nos
1029 1671 1380 1730 contentos
1407 1687 1550 1729 esse
1574 1671 1861 1752 oportet,
1904 1665 2084 1750 quod
2127 1665 2456 1751 conjicere
2494 1686 2728 1751 possu-

389 1794 534 1837 mus
577 1772 780 1837 eloco
806 1773 1075 1837 Arriani
1104 1795 1214 1837 eos
1238 1773 1701 1859 principatum
1723 1770 2025 1859 Philippi
2049 1774 2426 1859 agnovisse,
2454 1771 2729 1837 foedere

387 1881 529 1963 regi
578 1878 972 1964 conjunctos
1020 1901 1180 1961 esse,
1229 1878 1700 1944 verosimiliter
1746 1880 2004 1943 tributa
2028 1879 2260 1943 tulisse
2288 1877 2356 1962 ³).
2398 1877 2727 1943 Arrianus

386 1989 566 2050 enim
615 1987 671 2050 1.
701 1987 758 2050 1.
786 1987 829 2050 4
866 1992 1350 2051 commemorat
1386 1985 1653 2071 Illyrios
1682 1991 1747 2050 et
1774 1985 2107 2051 Triballos
2135 1986 2365 2071 statim
2387 1991 2541 2073 post
2565 1985 2728 2050 Phi-

384 2092 555 2180 lippi
593 2099 877 2158 mortem
917 2115 1129 2158 novas
1167 2114 1271 2157 res
1310 2092 1579 2158 molitos
1622 2114 1785 2174 esse,
1836 2092 1921 2157 ab
1963 2091 2352 2158 Alexandro
2379 2076 2725 2175 defecisse,

386 2201 548 2265 satis
594 2200 820 2264 indicii
865 2222 978 2265 eos
1028 2200 1254 2285 aliquo
1301 2200 1504 2265 modo
1551 2199 2033 2265 Macedonibus
2062 2200 2396 2286 subjectos
2421 2199 2624 2264 fuisse
2653 2199 2723 2285 4).

1067 2589 1107 2667 ξ
1176 2584 1242 2653 9.
1291 2584 1642 2666 Ambracia,
1692 2583 2061 2653 Acarnania.

474 2787 850 2870 Postquam
941 2784 1297 2871 Philippus
1369 2804 1547 2848 anno
1610 2784 1746 2847 342
1800 2781 2157 2868 Arybbam
2222 2804 2454 2867 regem
2518 2783 2727 2870 Epiro

382 2895 671 2981 pepulit,
736 2892 1339 2976 Alexandrumque
1403 2889 1683 2955 affinem
1745 2912 1944 2955 suum
1989 2891 2058 2954 in
2102 2889 2266 2955 solio
2311 2891 2489 2975 regis
2536 2890 2727 2977 Epiri

382 2999 834 3081 confirmavit,
913 2999 1421 3085 expeditionem
1487 2999 1559 3062 in
1626 2996 2066 3063 Ambraciam
2134 3003 2206 3061 et
2268 2996 2729 3061 Acarnaniam

383 3106 566 3189 fecit,
654 3106 900 3191 quibus
980 3112 1207 3169 autem
1288 3105 1738 3169 Athenienses
1807 3125 2008 3191 opem
2096 3103 2402 3169 tulerunt
2426 3103 2496 3186 5).
2583 3102 2650 3167 N
2653 3124 2727 3168 ec

379 3221 615 3278 tamen
660 3218 855 3300 patet
903 3233 1135 3296 regem
1179 3218 1343 3276 tunc
1385 3213 1747 3296 quicquam
1773 3218 2152 3276 assecutum
2177 3233 2336 3275 esse.
2386 3209 2522 3275 Sed
2547 3232 2725 3275 anno

380 3322 515 3385 338
561 3327 717 3407 post
760 3340 1065 3406 pugnam
1112 3319 1294 3405 apud
1343 3317 1803 3383 Chaeroneam
1849 3316 2205 3404 Philippus
2245 3318 2317 3380 in
2337 3316 2725 3400 regionibus

378 3422 654 3513 quoqu'e
699 3424 1227 3491 occidentalibus
1274 3424 1596 3489 Graeciae
1634 3445 1740 3488 res
1772 3424 1858 3489 ad
1890 3446 2011 3489 sua
2034 3423 2388 3490 commoda
2409 3423 2723 3488 mutavit.

468 3533 732 3599 Aetolis
796 3534 909 3618 qui
956 3533 1026 3596 in
1070 3531 1248 3597 bello
1295 3552 1476 3596 nunc
1519 3531 1713 3596 finito
1759 3530 2239 3595 Macedonibus
2281 3552 2480 3617 opem
2537 3550 2724 3616 prae-

380 3643 632 3724 stitere,
678 3662 799 3705 rex
844 3640 1276 3726 Naupactum
1317 3637 1556 3702 urbem
1585 3642 1937 3722 tamquam
1974 3637 2352 3723 praemium
2389 3635 2514 3700 lati
2537 3637 2725 3700 auxi-

432 3856 481 3920 1)
522 3854 672 3909 Orat.
712 3856 821 3908 Att.
859 3854 913 3908 II
950 3853 1068 3906 526.
1106 3853 1209 3908 Vit.
1252 3851 1407 3907 Dem.
1458 3848 1839 3911 κατεστρέψατο
1886 3848 1973 3899 καὶ
2007 3848 2325 3912 Τριβαλλούς.
2362 3852 2559 3908 sustin.
2582 3853 2629 3905 9.
2669 3852 2721 3905 3.

379 3943 645 4001 Schaefer
680 3944 728 3997 2.
772 3942 891 3997 521.

432 4033 484 4099 2)
524 4033 748 4088 Curtius
783 4033 833 4086 6.
871 4033 922 4087 3.
959 4034 1022 4101 2;
1060 4032 1109 4087 8.
1151 4031 1199 4085 1.
1238 4032 1322 4085 25.
1361 4031 1519 4086 Diod.
1560 4029 1641 4083 16.
1682 4028 1766 4083 93.
1806 4030 1855 4082 6.

429 4122 479 4187 3)
522 4122 723 4178 Strabo
761 4122 865 4176 315
901 4122 933 4175 i.
972 4122 1007 4175 f.

429 4211 480 4277 4)
522 4211 722 4267 Strabo
777 4211 897 4264 316.
955 4208 1271 4273 Αὐταριᾶται
1329 4208 1416 4258 καῖ
1468 4207 1706 4272 Ἀρδιαῖοι
1764 4207 1851 4257 καὶ
1903 4206 2158 4270 Δαρδᾶνιοι
2196 4208 2286 4258 καῖ
2320 4210 2601 4271 Τριβαλλοί,
2637 4208 2724 4258 ὁπ’

374 4299 605 4359 ἀλλήλων
642 4300 729 4361 μὲν
765 4296 818 4361 ἐξ
852 4299 1025 4363 ἀρχῆς,
1065 4300 1256 4361 ὕστερον
1293 4297 1346 4348 δὲ
1383 4297 1475 4350 dora
1514 4296 1798 4350 Μακεδόνων
1819 4341 1833 4352 ,.
1862 4341 1871 4351 .
1898 4338 1908 4348 .
1931 4295 2343 4360 ἐκπολεμοῦμενσι.

427 4390 480 4456 5)
522 4389 802 4443 Demosth.
844 4389 995 4443 1173.
1037 4389 1121 4442 28,
1160 4385 1423 4446 ἐπείσθητε
1462 4387 1555 4439 ὑπὸ
1593 4394 1688 4437 τῶν
1727 4388 1922 4450 ῥητόρων
1956 4387 2025 4444 εἷς
2044 4388 2366 4450 Ἀκαρνανίαν
2407 4386 2724 4451 στρατιώτας

379 4476 663 4541 ἐκπέμπειν.
695 4478 975 4533 Demosth.
1014 4478 1097 4531 84.
1139 4479 1223 4531 21.
1265 4477 1527 4533 Schaefer
1565 4479 1613 4531 2.
1653 4479 1772 4531 427.
