3338 5350
1481 531 1565 595 47

361 724 669 811 „accolae
737 724 1010 790 barbari
1078 725 1359 808 faciunt,
1432 749 1612 793 nunc
1680 726 1858 792 bello
1928 733 2330 810 exercentes,
2395 749 2575 792 nunc
2619 728 2692 791 in

361 855 565 920 „pace
611 833 968 898 miscentes
1015 833 1184 899 ritus
1232 834 1450 899 suos,”

436 939 768 1004 Attamen
812 940 971 1005 inde
1020 962 1060 1004 a
1104 940 1409 1028 Philippi
1481 940 1898 1028 temporibus
1947 940 2153 1005 etiam
2198 941 2303 1006 his
2348 940 2512 1007 locis
2559 942 2692 1006 dis-

351 1046 609 1112 crimen
678 1069 1004 1133 magnum
1065 1046 1199 1111 fuit
1243 1048 1422 1113 inter
1480 1048 1885 1114 Macedones
1931 1054 2000 1112 et
2043 1048 2325 1113 rusticos
2371 1048 2694 1115 finitimos

352 1154 663 1240 Illyricos
714 1162 781 1219 et
827 1157 1163 1243 Epirotas,
1212 1177 1432 1240 neque
1478 1155 1861 1243 spernenda
1903 1177 2010 1219 res
2057 1162 2177 1239 est,
2226 1156 2409 1240 quod
2447 1154 2694 1222 Strabo

352 1262 482 1325 326
549 1262 592 1327 i.
644 1261 692 1326 f.
768 1263 934 1327 dicit
1002 1262 1477 1327 Macedoniam
1547 1261 2000 1349 Superiorem,
2072 1284 2247 1347 quae
2314 1263 2699 1329 continetur

354 1368 787 1454 Lyncestide,
881 1369 1292 1456 Pelagonia,
1387 1366 1701 1433 Orestide
1791 1376 1860 1434 et
1949 1369 2215 1434 Elimea
2307 1370 2696 1434 Μακεδονίαν

355 1475 688 1556 ἐλευθέραν
748 1477 996 1557 vocari,
1046 1478 1464 1565 opponitque
1519 1485 1758 1563 gentes
1803 1476 1944 1542 illic
1991 1478 2180 1542 sedes
2226 1478 2573 1561 habenteS,
2621 1485 2698 1542 ut

352 1589 545 1670 patet
591 1605 676 1648 ex
719 1583 914 1649 initio
965 1583 1207 1670 capitis
1255 1584 1404 1667 327,
1475 1604 1613 1648 non
1682 1583 1957 1670 reliquis
2026 1584 2527 1668 MacedonibuS,
2578 1586 2697 1650 sed

353 1690 672 1775 gentibus
741 1691 1102 1778 Epiroticis
1179 1690 1486 1755 finitimis
1553 1713 1731 1777 quae
1800 1698 1979 1773 κουρᾷ
2049 1691 2148 1755 καὶ
2216 1690 2517 1771 διαλέκτῳ
2588 1692 2693 1755 καὶ

359 1795 650 1875 χλαμυδι
711 1796 814 1859 καὶ
865 1795 1078 1869 ἄλλοις
1124 1796 1404 1869 τοιούτοις
1452 1802 1730 1878 χρῶνται
1779 1798 2247 1876 παραπλησιώς,
2296 1821 2469 1885 quae
2520 1799 2696 1873 hanc

355 1902 441 1967 ob
485 1925 634 1968 rem
706 1926 746 1968 a
790 1904 1084 1969 nonullis
1150 1904 1587 1992 scriptoribus
1649 1905 1857 1970 etiam
1903 1906 2306 1971 Macedones
2347 1913 2694 1990 vocantur,

354 2033 479 2076 nec
523 2017 757 2075 tamen
803 2018 1134 2096 quantum
1180 2018 1467 2100 apparet
1515 2012 1755 2076 eadem
1798 2011 2116 2077 libertate
2154 2010 2492 2077 fruuntur.
2539 2013 2696 2078 Non

355 2118 847 2184 verodissimile
927 2125 1031 2184 est
1114 2141 1265 2183 eam
1346 2142 1491 2184 rem
1573 2119 1700 2184 hoc
1763 2119 1959 2203 velle,
2027 2120 2310 2186 rusticos
2385 2120 2695 2185 Macedo-

355 2226 539 2291 nicos
601 2225 749 2310 jam
817 2225 1030 2291 multo
1108 2232 1267 2290 ante
1335 2224 1654 2291 liberatos
1719 2248 1861 2290 esse
1904 2227 2193 2292 molesta
2237 2227 2698 2293 dominatione

356 2332 649 2397 divitum
696 2340 764 2397 et
806 2332 1136 2398 nobilium
1201 2333 1606 2421 principum,
1671 2355 1707 2397 e
1769 2339 1952 2398 statu
1998 2333 2354 2398 clientelae
2398 2334 2698 2399 medium

354 2445 632 2504 tenente
698 2439 879 2504 inter
961 2441 1357 2504 servitutem
1426 2446 1495 2505 et
1554 2439 1961 2523 libertatem,
2051 2463 2184 2527 quo
2252 2440 2701 2506 versabantur

354 2546 624 2612 helotae
694 2544 1205 2633 Spartanorum,
1297 2553 1618 2633 penestae
1711 2547 2204 2631 Thessalorum,
2299 2549 2416 2635 qui
2485 2555 2696 2613 status

360 2653 658 2740 antiquis
727 2653 1143 2741 temporibus
1234 2674 1374 2720 sors
1468 2655 1842 2719 communis
1927 2656 2231 2721 omnium
2297 2655 2698 2721 rusticorum

357 2761 583 2827 fuerat
609 2761 685 2844 1).
754 2761 1184 2851 Quantopere
1252 2769 1481 2827 autem
1550 2768 1766 2827 status
1811 2764 2217 2829 rusticorum
2261 2764 2699 2829 Macedoniae

360 2869 482 2934 sub
550 2868 858 2956 Philippi
922 2891 1134 2955 regno
1202 2870 1276 2934 in
1345 2870 1585 2934 melius
1654 2891 1889 2935 versus
1951 2871 2057 2955 sit,
2126 2891 2163 2935 e
2212 2870 2360 2936 loco
2427 2869 2701 2935 Arriani

361 2998 564 3064 supra
612 2976 818 3041 citato
865 2976 1027 3041 satis
1076 2982 1378 3064 apparet.

445 3083 789 3148 Nimirum
854 3082 1054 3169 juxta
1120 3105 1353 3170 regem
1415 3084 1622 3148 etiam
1693 3084 1950 3150 domini
2017 3084 2452 3173 praediorum
2517 3091 2701 3149 certa

352 3190 508 3275 jura
552 3190 995 3255 retinuerunt.
1069 3190 1332 3278 Operae
1378 3189 1601 3257 factae
1647 3198 1805 3256 sunt
1853 3215 1893 3257 a
1935 3192 2203 3257 rusticis
2247 3191 2699 3255 Macedonicis

358 3319 572 3383 usque
643 3297 731 3362 ad
799 3319 1052 3362 annum
1125 3299 1251 3362 167
1344 3298 1501 3362 cum
1568 3299 1970 3364 Macedonia
2037 3298 2322 3386 imperio
2388 3298 2698 3362 Romano

359 3404 665 3491 injuncta
734 3411 850 3469 est.
922 3405 1024 3469 Eo
1095 3426 1272 3470 anno
1335 3404 1522 3469 enim
1566 3411 1644 3469 ut
1702 3411 1896 3492 patet
1940 3426 1978 3469 e
2023 3404 2312 3491 Polybio
2357 3405 2463 3470 37.
2506 3406 2567 3468 9.
2617 3405 2702 3469 10

362 3520 520 3591 κοινῇ
561 3508 792 3582 πάντες
839 3510 1247 3585 ἀπελύθησαν
1297 3515 1411 3574 τῶν
1458 3515 1740 3590 ἀρχικῶν
1804 3510 2253 3589 ἐπιταγμάτων
2307 3510 2412 3574 καὶ
2483 3510 2698 3590 Φόρων,

362 3617 464 3682 καὶ
509 3618 864 3695 μετέλαβον
919 3618 1045 3681 ἀπὸ
1093 3618 1373 3689 δουλείας
1417 3618 1902 3695 ὁμολογουμένης
1944 3618 2317 3699 ἐλευθερίαν.
2366 3618 2701 3683 Videlicet

361 3725 573 3791 verba
642 3724 881 3789 δουλεία
946 3725 1384 3803 ὁμολογουμένη
1459 3747 1596 3791 non
1665 3726 1752 3790 ad
1821 3726 2121 3792 litteram
2189 3727 2702 3815 interpretanda

363 3839 535 3916 sunt,
608 3831 757 3897 fieri
822 3854 960 3897 non
1026 3839 1252 3920 potest
1313 3833 1476 3919 quin
1544 3832 1783 3896 δουλεία
1850 3840 2110 3920 spectet
2172 3834 2257 3900 ab
2304 3834 2700 3920 obsequium

365 3940 688 4023 debitum,
753 3941 933 4026 quod
1006 3939 1296 4005 multum
1367 3940 1707 4027 discrepat
1776 3962 1816 4004 a
1884 3963 2049 4007 vera
2115 3941 2460 4007 servitute.
2565 3940 2700 4005 Sed

363 4068 787 4134 quocumque
855 4048 1054 4113 modo
1101 4070 1206 4112 res
1245 4069 1315 4112 se
1359 4046 1586 4131 habet,
1650 4045 1928 4112 fuerunt
1974 4048 2214 4128 ἀρχικοὶ
2262 4046 2699 4125 ἐπιτάγματα,

363 4176 623 4241 operae,
675 4176 849 4240 quae
885 4154 1356 4220 verosimiliter
1401 4176 1536 4219 non
1585 4154 1873 4241 publice,
1922 4157 2041 4220 sed
2080 4158 2402 4242 privatim
2434 4154 2700 4240 flagita-

363 4260 628 4344 bantur,
671 4283 839 4347 quas
884 4283 1023 4327 non
1061 4262 1205 4347 regi
1252 4268 1438 4341 (tunc
1486 4263 1666 4327 enim
1692 4261 1996 4339 βασιλικοὶ
2024 4262 2554 4350 appellarentur)
2582 4260 2700 4326 sed

419 4483 465 4557 1)
505 4486 653 4540 Abel.
695 4486 812 4539 126.
