3338 5350
400 4301 434 4368 em
398 3941 435 4188 wem&

506 3941 558 4173 9³50?

509 4299 559 4351 ’.θ’

1184 1209 1998 1311 INDEX.

1436 1485 1752 1499 mm

1275 1666 1898 1758 CAPUTL

615 1863 709 1925 De
752 1863 1143 1926 Macedonia
1184 1878 1395 1942 usque
1436 1860 1523 1922 ad
1566 1860 1868 1937 Philippi
1909 1860 2198 1923 Secundi
2239 1864 2542 1923 mortem.

644 2001 722 2054 De
757 2000 959 2054 finibus
995 2001 1151 2071 regni
1187 1998 1528 2054 Macedonici
1563 2001 1695 2052 ante
1733 2013 1940 2053 annum
1979 1996 2083 2051 359
2122 2036 2575 2051 ......

643 2089 933 2159 Philippus
970 2093 1026 2143 et
1062 2089 1250 2159 Illyria
1325 2124 2579 2142 ...............

640 2177 965 2233 Macedonia
1000 2182 1055 2232 et
1092 2179 1293 2247 Epirus
1325 2214 2137 2232 ..........

642 2267 748 2321 Res
786 2267 1115 2335 Thessaliae,
1152 2267 1298 2322 bella
1331 2283 1366 2321 a
1401 2267 1656 2336 Philippo
1694 2266 1750 2320 in
1788 2265 2069 2319 Thessalia
2106 2268 2311 2334 gesta.

641 2355 720 2409 De
757 2355 958 2409 Insulis
1058 2391 2579 2410 ..................

641 2445 720 2497 De
758 2443 1000 2498 Coloniis
1036 2444 1261 2499 Graecis
1296 2445 1354 2499 in
1373 2444 1696 2498 Macedonia
1716 2444 1860 2498 sitis:
1901 2442 2211 2497 Chalcidice
2230 2461 2243 2510 ;
2264 2442 2332 2496 de
2352 2442 2582 2496 urbibus

729 2533 784 2585 in
823 2533 935 2588 oris
971 2534 1262 2587 maritimis
1299 2533 1565 2587 Thraciae
1586 2568 2578 2587 ............

637 2619 716 2677 De
752 2622 910 2677 bellis
947 2640 980 2677 a
1017 2616 1270 2694 Philippo
1309 2623 1364 2679 in
1404 2622 1636 2678 Thracia
1674 2621 1843 2693 gestis
1858 2659 2578 2677 .........

638 2713 716 2766 De
752 2712 1009 2778 Paeonia,
1047 2713 1333 2781 Dardanis,
1373 2712 1640 2781 Triballis,
1683 2712 1905 2783 Scythis
1943 2749 2575 2766 ........

636 2801 947 2866 Ambracia,
985 2803 1295 2856 Acarnania
1315 2839 2574 2856 ...............

636 2891 744 2944 Res
779 2890 1060 2957 Graeciae,
1098 2871 1166 2945 de
1205 2891 1475 2961 Synedrio
1513 2890 1869 2946 Corinthiaco
1947 2929 2581 2944 ........

638 2979 716 3032 De
752 2979 920 3033 rebus
956 2979 1193 3050 politicis
1232 2983 1289 3033 et
1323 2980 1392 3034 de
1430 2984 1582 3034 statu
1620 2980 2005 3047 Macedoniam
2051 2979 2259 3045 rustici,
2293 2979 2581 3048 vectigalia

729 3067 1004 3121 nobilitas.
1060 3069 1139 3121 De
1192 3068 1408 3122 ratione
1466 3085 1609 3136 quae
1665 3068 2045 3123 intercedebat
2102 3068 2244 3121 inter
2301 3084 2489 3137 regem
2528 3071 2584 3120 et

729 3156 1043 3225 subjectos;
1079 3156 1148 3211 de
1184 3156 1416 3211 urbibus
1497 3194 2581 3211 .............

549 3285 562 3298 .
638 3244 714 3298 De
752 3245 983 3315 imperio
1022 3245 1380 3300 Macedonico
1420 3263 1457 3300 a
1492 3245 1747 3317 Philippo
1789 3246 1845 3300 in
1885 3247 2112 3315 Europa
2148 3248 2314 3299 aucto
2390 3284 2402 3297 .
2479 3286 2489 3298 .
2570 3282 2580 3295 .

1251 3524 1732 3592 CAPUT
1823 3526 1893 3590 II

590 3696 685 3759 De
725 3695 1021 3772 Imperio
1063 3694 1151 3756 ab
1193 3692 1577 3758 Alexandro
1620 3694 1985 3759 constituto
2027 3699 2094 3759 et
2134 3696 2215 3760 dc
2256 3696 2582 3759 Perdicca

903 3802 1357 3881 gubernatore
1398 3801 1666 3879 inperii
1709 3802 1796 3864 ad
1838 3820 2094 3865 annum
2135 3805 2278 3870 821.

633 3941 712 3995 De
752 3940 991 4009 Imperio
1029 3940 1098 3994 ab
1134 3939 1450 3993 Alexandro
1491 3940 1544 3992 in
1584 3940 1812 4009 Europa
1846 3941 2173 3995 confirmato
2212 3982 2579 3996 .....

634 4031 711 4084 De
749 4030 987 4099 Imperio
1024 4030 1079 4083 in
1121 4029 1248 4083 Asia
1285 4033 1341 4083 et
1381 4029 1450 4083 de
1484 4029 1705 4098 juribus
1741 4031 1887 4101 regis
1944 4069 2575 4084 ........

632 4122 710 4174 De
767 4119 1195 4189 Magistratibus.
1254 4120 1331 4172 De
1391 4118 1655 4189 Satrapis.
1700 4120 1779 4174 De
1819 4119 2048 4173 coloniis
2086 4120 2309 4174 Graecis
2345 4121 2398 4173 in
2435 4122 2578 4174 Asia.

721 4210 800 4263 De
837 4209 1076 4278 praediis
1113 4213 1166 4262 et
1212 4208 1652 4277 possessionibus
1692 4210 1852 4279 regis.
1894 4210 1972 4263 De
2010 4210 2312 4264 thesauris.
2389 4252 2401 4264 .
2478 4250 2488 4260 .

631 4300 711 4353 De
731 4299 898 4352 rebus
917 4315 1064 4351 anno
1086 4297 1191 4350 323
1213 4298 1494 4369 Babylone
1516 4299 1849 4352 constitutis,
1871 4300 1950 4352 De
1970 4300 2210 4368 Imperio
2226 4299 2580 4354 Macedonico

725 4388 828 4441 sub
864 4387 1144 4442 Perdicca.
1184 4386 1343 4442 India
1376 4390 1432 4440 et
1466 4387 1767 4457 Aegyptus.
1810 4388 2025 4442 Bellum
2044 4391 2240 4458 contra
2257 4389 2581 4442 Perdiccam

723 4480 945 4547 gestum
965 4515 2577 4532 ...................

2624 1811 2732 1862 Pag.

2728 2001 2754 2053 1
2858 2050 2868 2059 .

2723 2089 2758 2140 6

2484 2176 2759 2229 ..10

2567 2266 2759 2318 ,13

2692 2354 2758 2406 17

2692 2533 2717 2584 1
2727 2533 2758 2584 7

2690 2621 2759 2674 25

2688 2713 2755 2766 31

2689 2801 2759 2853 35

2690 2889 2760 2943 36

2690 3156 2760 3208 46

2690 3244 2758 3297 57

2690 3941 2759 3995 59

2687 4031 2759 4083 62

2567 4210 2758 4264 ‚65

2685 4478 2756 4531 82
