3338 5350
1648 493 1734 556 70

515 689 845 776 pervenit.
942 686 1035 751 Et
1080 687 1191 752 hic
1235 708 1505 776 prorsus
1554 687 1893 753 diversam
1937 687 2270 753 rationem
2313 688 2386 754 in
2430 686 2597 754 Asia
2642 711 2852 775 quam

514 796 588 860 in
633 793 908 881 Europa
954 799 1218 860 secutus
1266 800 1385 860 est.
1457 793 1742 880 Aliquot
1787 794 1985 859 urbes
2034 794 2118 859 ab
2166 815 2245 860 eo
2290 795 2494 883 plena
2538 795 2854 862 libertate

517 902 811 966 donatae
877 907 1052 982 sunt,
1124 900 1530 985 oligarchiae
1598 899 1855 988 pulsae,
1903 901 2264 988 populares
2334 904 2608 969 summis
2653 903 2852 968 rebus

517 1006 866 1098 praefecti,
937 1007 1191 1073 tributa
1259 1029 1433 1094 quae
1499 1007 1647 1094 regi
1705 1006 2066 1073 Persarum
2109 1007 2286 1074 ferre
2332 1010 2664 1094 solebant,
2716 1031 2852 1075 non

521 1113 808 1201 amplius
856 1120 1092 1180 exacta
1137 1121 1295 1179 sunt
1315 1113 1382 1197 1).
1477 1114 1789 1180 Aliarum
1859 1113 2131 1179 urbium
2198 1122 2412 1182 status
2473 1117 2605 1183 alio
2651 1116 2852 1183 modo

521 1220 606 1287 ab
655 1242 732 1287 eo
800 1220 1126 1304 firmatur,
1199 1243 1431 1287 omnes
1479 1227 1710 1286 tamen
1755 1219 2012 1307 majore
2077 1221 2393 1289 libertate
2451 1222 2853 1291 fruebantur

520 1350 726 1416 quam
773 1334 974 1394 antea
990 1328 1061 1415 2).

604 1434 690 1500 Ι11
756 1434 978 1503 insula
1023 1433 1189 1501 Chio
1236 1457 1505 1522 quoque
1553 1437 1965 1502 democratia
2016 1437 2396 1503 restituitur
2417 1436 2488 1520 3),
2535 1438 2655 1504 sed
2704 1459 2851 1502 aus-

518 1544 710 1632 piciis
777 1542 1151 1608 Alexandri
1173 1543 1254 1629 4),
1324 1564 1738 1630 quamquam
1797 1541 2160 1628 conjuncta
2204 1551 2307 1609 est
2351 1565 2504 1609 cum
2551 1542 2855 1610 Corinthi

521 1651 835 1738 synedrio
856 1652 926 1733 ⁵).
1005 1651 1291 1737 Insuper
1327 1650 1739 1737 praesidium
1784 1649 2295 1716 Macedonicum
2341 1651 2601 1717 insulae
2646 1652 2853 1738 impo-

520 1759 705 1824 nitur
771 1757 985 1823 donec
1053 1757 1494 1823 dissensiones
1562 1755 1700 1822 illic
1739 1763 1955 1829 ‚ortae
2024 1758 2298 1823 sedatae
2367 1765 2607 1841 essent,
2672 1758 2855 1844 quod

519 1865 928 1954 praesidium
975 1871 1203 1930 autem
1250 1864 1336 1931 ab
1381 1863 1706 1929 insulanis
1756 1864 2077 1929 alendum
2121 1871 2268 1930 erat
2292 1865 2365 1951 ⁶).

608 1971 900 2037 Perinde
970 1992 1049 2037 ac
1118 1994 1238 2037 rex
1304 1971 1596 2037 Graecos
1665 1970 1737 2035 in
1798 1971 2076 2058 Europa
2148 1993 2281 2037 uno
2339 1973 2655 2060 synedrio
2700 1993 2856 2038 con-

512 2077 762 2165 junxit,
810 2078 1016 2144 etiam
1061 2078 1361 2145 coloniae
1406 2080 1477 2143 in
1522 2075 1688 2142 Asia
1735 2078 2015 2143 diversis
2074 2079 2503 2144 societatibus
2548 2079 2855 2144 tribuun-

518 2192 650 2269 tur,
697 2193 775 2252 ut
821 2185 1122 2252 societati
1167 2185 1373 2251 Ilicae
1396 2185 1465 2267 ⁷).
1512 2185 1597 2250 In
1640 2185 1956 2251 universo
2002 2191 2250 2269 tamen,
2297 2192 2376 2251 ut
2407 2185 2855 2251 Macedonum

520 2316 643 2360 rex
686 2295 756 2358 in
797 2293 1080 2360 Graecia
1126 2314 1481 2381 oppressor
1544 2291 1878 2359 libertatis
1940 2291 2249 2375 habetur,
2312 2293 2409 2360 ita
2453 2294 2524 2357 in
2571 2292 2734 2358 Asia
2779 2300 2859 2359 ut

521 2401 998 2466 beneficiorum
1047 2406 1281 2466 auctor
1325 2399 1709 2465 celebratur
1730 2399 1804 2484 Β).

610 2509 703 2574 Et
738 2508 893 2594 jure
939 2508 1253 2594 quidem:
1326 2506 1632 2594 Ephesus
1696 2506 1780 2571 ab
1843 2529 1922 2572 eo
1969 2506 2442 2595 amplificatur,
2482 2505 2859 2593 Smyrnam

521 2616 787 2683 restitui
826 2614 1043 2702 jubet,
1115 2614 1554 2682 Clazomenas
1616 2635 1773 2679 cum
1811 2619 1994 2679 terra
2037 2613 2414 2680 continenti
2453 2614 2739 2701 jungere
2783 2613 2857 2678 in

524 2715 749 2791 animo
817 2724 1077 2806 habuit,
1147 2722 1353 2787 Ilium
1421 2721 1613 2787 sedes
1684 2722 2004 2807 synedrii‚
2074 2727 2282 2809 caput
2349 2723 2684 2788 societatis
2757 2720 2855 2803 fit,

522 2831 710 2898 omni
752 2853 1002 2917 genere
1048 2830 1378 2896 donorum
1424 2834 1722 2912 ornatur,
1771 2834 1841 2893 et
1885 2828 2102 2914 major
2143 2850 2301 2916 pars
2346 2828 2618 2894 urbium
2655 2827 2859 2916 plena

575 3128 625 3192 1)
662 3128 907 3182 Dittenb.
948 3125 1049 3179 166
1086 3125 1162 3192 (10
1202 3124 1289 3190 ed)
1328 3122 1453 3173 διότι
1490 3119 1577 3171 ἐπί
1605 3139 1662 3170 τε
1701 3119 2020 3184 Ἀλεξάνδρου
2057 3120 2143 3171 καὶ
2180 3124 2466 3184 Ἀντιγόνου
2503 3120 2768 3184 αὐτόνομος
2806 3122 2858 3183 ἧν

524 3217 609 3268 καὶ
645 3217 1006 3281 ἀφορολόγητος
1044 3214 1071 3269 ἦ
1107 3216 1248 3270 πόλις
1285 3212 1415 3275 ὑμῶν
1451 3213 1555 3281 (ΒΘ
1591 3211 1881 3281 Erythris),

575 3306 623 3375 2)
661 3306 872 3360 Arrian.
915 3306 962 3358 1.
1004 3303 1086 3357 18.
1125 3304 1186 3367 2;
1225 3301 1384 3357 Diod.
1423 3302 1505 3355 17.
1544 3301 1629 3354 24.
1672 3300 1732 3363 13
1776 3300 1972 3370 Droys.
1996 3299 2044 3351 1.
2068 3299 2098 3351 1
2138 3299 2243 3352 233
2261 3315 2385 3352 ann.
2409 3299 2458 3351 2.
2506 3300 2609 3367 „Es
2627 3299 2700 3352 ist
2718 3299 2862 3353 nach

527 3396 633 3450 den
671 3392 1056 3463 vorliegenden
1096 3391 1438 3445 Materialien
1475 3391 1628 3444 nicht
1669 3389 1911 3460 moglich
1948 3388 2035 3442 die
2073 3387 2307 3458 Begriffe
2336 3383 2580 3450 ἐλεύθερος
2598 3386 2864 3449 αὐτόνομος

525 3484 885 3548 &monuwa-oc
927 3482 1067 3537 nach
1103 3482 1251 3534 ihrer
1288 3479 1801 3534 staatsrechtlichen
1839 3477 2168 3546 Bedeutung
2203 3476 2327 3530 klar
2362 3494 2434 3530 zu
2475 3476 2746 3530 scheiden.
2787 3478 2861 3531 Es

526 3574 714 3629 wurde
769 3590 840 3626 zu
887 3570 1013 3626 weit
1047 3570 1245 3624 fiihren
1283 3568 1371 3623 die
1408 3568 1812 3623 Beweisstellen
1850 3565 2213 3620 aufzuzahlen
2250 3565 2366 3619 und
2404 3582 2534 3619 man
2572 3565 2706 3619 wird
2743 3566 2861 3619 sich

527 3664 614 3718 die
650 3659 1148 3731 Mannigfaltigkeit
1182 3675 1290 3712 von
1327 3657 1736 3712 Verhffltnissen
1772 3655 1925 3709 nicht
1962 3654 2174 3708 minder
2201 3654 2341 3707 bunt
2362 3654 2478 3708 und
2497 3654 2865 3724 thatsiichlich

527 3769 600 3806 zu
636 3751 854 3805 denken
890 3749 1070 3802 haben
1108 3747 1191 3801 als
1227 3746 1283 3799 in
1323 3746 1420 3800 der
1456 3747 1575 3800 Zeit
1616 3745 1714 3799 des
1754 3748 1937 3799 ersten
1972 3742 2258 3797 Attischen
2280 3741 2599 3797 Seebundes
2632 3743 2747 3797 und
2765 3743 2866 3797 der

529 3838 958 3910 Spartanischen
1002 3832 1413 3907 Symmachje.''

577 3928 626 3995 3)
664 3927 905 3981 Dittenb.
956 3925 1076 3979 150.
1114 3924 1386 3986 πολίτευμα
1424 3922 1476 3972 δὲ
1512 3919 1683 3991 (εῒ)νοιι
1724 3918 1771 3971 ἐν
1809 3922 1924 3971 Χίωι
1962 3919 2122 3983 δῆμον.

577 4016 623 4084 4)
661 4015 805 4069 Ibid,
833 4015 902 4062 τὰ
937 4012 989 4063 δὲ
1026 4010 1351 4075 &apameae-ra
1387 4010 1415 4070 ἢ
1437 4008 1697 4075 γραφέντα
1718 4007 2111 4073 &nunciarem
2132 4012 2244 4073 πρὸς
2263 4006 2575 4073 Ἀλέξανδρον
2597 4012 2653 4063 et
2672 4026 2750 4063 Vs.
2775 4009 2862 4064 16.

578 4103 626 4171 5)
662 4103 798 4158 Ibid.
839 4120 916 4157 vs,
964 4103 1048 4156 14.

576 4192 625 4258 6)
667 4192 801 4247 Ibid.
842 4209 923 4246 vs.
970 4191 1053 4244 17.

581 4283 624 4350 ⁷)
665 4282 907 4337 Dittenb.
954 4281 1070 4334 169.
1109 4279 1307 4350 Droys.
1347 4279 1396 4332 2.
1437 4279 1484 4331 2.
1533 4277 1638 4332 382
1678 4294 1801 4346 sqq.

579 4370 627 4434 8)
669 4371 868 4425 Strabo
907 4370 1026 4423 644.
1066 4368 1152 4418 καὶ
1187 4368 1322 4431 ἀγὼν
1362 4365 1455 4418 ὑπὸ
1493 4370 1583 4416 τοῦ
1621 4369 1776 4416 κοινοῦ
1813 4370 1909 4415 τῶν
1948 4364 2109 4416 Ἰώνων
2153 4364 2497 4429 Ἀλεξάνδρεια
2515 4362 2875 4429 καταγγέλλε-

528 4478 614 4510 ‘tus
654 4456 1027 4520 συντελούμενος
1063 4454 1297 4507 ἐνταῦθα.
