3338 5350
1688 545 1730 609 6

636 743 871 827 Longe
930 742 1210 807 maximi
1252 741 1577 805 momenti
1615 739 1748 804 :fuit
1795 740 2115 806 Methone
2159 742 2340 824 urbs,
2392 741 2628 806 eodem
2672 742 2875 806 modo

546 871 680 937 quo
750 850 1015 935 Pydna,
1065 848 1150 912 ab
1188 847 1684 912 Eretriensibus
1732 848 2024 929 condita,
2076 849 2352 914 minime
2399 846 2878 913 confundenda

547 978 702 1021 cum
748 955 1069 1021 Methone
1112 955 1184 1019 in
1230 954 1518 1020 Thracia
1564 953 1633 1037 1).
1684 953 1874 1019 Haec
1895 954 2056 1020 urbs
2078 977 2202 1043 per
2226 956 2455 1021 omnia
2478 954 2659 1021 bella
2681 955 2876 1020 liber-

547 1069 760 1127 tatem
828 1084 1017 1127 suam
1073 1061 1481 1144 vindicavit,
1552 1061 1813 1126 Graeca
1879 1068 1947 1126 et
1993 1062 2097 1126 sui
2150 1061 2321 1148 juris
2366 1063 2616 1128 mansit
2657 1061 2727 1148 2).
2772 1062 2878 1127 De

547 1169 838 1235 Therma
881 1168 1013 1234 alia
1050 1190 1157 1233 res
1194 1168 1346 1233 fuit.
1392 1167 1579 1233 Haec
1605 1189 1873 1254 quoque
1897 1168 2055 1232 urbs
2081 1190 2258 1234 anno
2282 1169 2411 1233 432
2439 1168 2878 1236 Macedonica

546 1277 698 1361 fuit,
745 1276 859 1341 sed
909 1276 1147 1341 eodem
1197 1295 1374 1340 anno
1420 1295 1552 1360 quo
1578 1274 1824 1359 Pydna
1848 1273 2101 1340 frustra
2139 1275 2407 1341 obsessa
2432 1283 2532 1340 est
2558 1275 2642 1340 ab
2666 1276 2876 1340 Athe-

546 1383 910 1466 niensibus,
962 1382 1047 1447 ab
1097 1383 1340 1447 iisdem
1365 1387 1565 1469 capta
1589 1388 1710 1464 est,
1734 1382 2049 1469 pactione
2074 1379 2256 1446 facta
2279 1383 2457 1448 inter
2479 1383 2878 1447 Perdiccam

548 1497 617 1557 et
651 1490 1119 1573 Athenienses,
1147 1490 1219 1553 in
1264 1489 1503 1554 horum
1525 1495 1861 1576 potestate
1884 1489 2135 1554 mansit
2159 1489 2230 1576 3).
2278 1489 2411 1554 Hic
2433 1489 2578 1554 fere
2599 1488 2876 1553 nucleus

548 1604 648 1662 est
694 1619 730 1661 e
777 1617 909 1683 quo
958 1597 1080 1660 sub
1128 1594 1450 1682 Philippo
1497 1600 1565 1659 et
1587 1594 1979 1660 Alexandro
2021 1596 2294 1681 regibus
2318 1618 2644 1682 magnum
2667 1597 2876 1683 impe·

544 1704 720 1769 rium
765 1702 1274 1769 Macedonicum
1320 1707 1543 1766 ortum
1595 1709 1715 1767 est.
2218 1790 2224 1795 .

633 1809 968 1897 Tempora
1035 1816 1261 1874 autem
1330 1830 1504 1894 quae
1564 1815 1937 1896 sequuntur
1982 1831 2269 1895 regnum
2314 1809 2675 1875 Perdiccae
2721 1830 2874 1874 con·

543 1919 776 2005 spicua
823 1923 978 1982 sunt
1025 1916 1238 1981 turbis
1282 1916 1638 1999 intestinis,
1686 1916 1881 1982 bellis
1928 1916 2108 1982 inter
2150 1917 2416 2002 regulos
2459 1917 2876 1983 diversarum

543 2027 896 2110 regionum
941 2024 1152 2111 ipsius
1189 2023 1404 2109 regni,
1443 2023 1907 2088 invasionibus
1949 2023 2388 2089 barbarorum
2412 2024 2873 2089 finitimorum.

474 2180 483 2185 -
544 2131 914 2197 Archelaus
955 2131 1112 2214 (413
1128 2128 1360 2214 -399)
1390 2129 1663 2215 quidem
1686 2151 1957 2195 omnem
1980 2152 2257 2218 operam
2280 2131 2469 2196 dedit
2491 2136 2569 2196 ut
2590 2151 2876 2215 regnum

545 2261 741 2304 suum
785 2238 1086 2303 firmaret
1122 2236 1192 2319 4),
1242 2236 1473 2301 statim
1520 2243 1677 2324 post
1721 2244 2007 2304 mortem
2057 2238 2200 2324 ejus
2225 2236 2626 2303 Macedonia
2646 2258 2875 2302 rursus

545 2352 794 2411 vexata
861 2353 963 2410 est
1007 2345 1212 2410 suetis
1259 2343 1777 2424 calamitatibus,
1829 2345 2073 2432 quibus
2119 2367 2340 2431 neque
2385 2344 2722 2430 Amyntas
2768 2341 2877 2407 111

547 2453 947 2540 (390-369)
995 2474 1215 2538 neque
1259 2453 1616 2539 quisquam
1656 2473 2110 2517 successorum
2133 2452 2276 2536 ejus
2300 2452 2505 2517 finem
2529 2452 2875 2539 imponere

543 2560 786 2647 potuit,
862 2560 1075 2624 donec
1133 2560 1416 2625 tandem
1475 2557 1833 2646 Philippus
1905 2559 1979 2624 11
2036 2558 2381 2645 Amyntae
2427 2559 2605 2623 filius
2652 2580 2876 2623 rerum

545 2667 801 2755 potitus
852 2673 969 2733 est.

1254 3011 1293 3089 g
1339 3006 1404 3074 2.
1474 3004 1785 3090 Ριιῑιῑρρυε
1830 3004 1899 3074 ot
1942 2960 2157 3089 myria.

634 3200 804 3269 Cum
873 3201 1230 3290 Philippus
1301 3223 1588 3288 regnum
1654 3202 1828 3285 iniit,
1898 3208 2044 3267 tota
2124 3201 2526 3266 Macedonia
2572 3202 2657 3266 ad
2722 3223 2873 3288 per-

542 3311 788 3375 niciem
869 3331 1080 3395 usque
1162 3309 1564 3374 conturbata
1638 3307 1774 3373 fuit
1854 3308 2068 3374 turbis
2137 3307 2473 3373 intestinis
2542 3314 2611 3372 et
2677 3307 2873 3372 bellis

541 3417 948 3503 regulorum,
995 3437 1148 3480 cum
1194 3416 1429 3481 eodem
1472 3422 1776 3503 tempore
1820 3414 2040 3501 [llyrii
2085 3414 2268 3479 haud
2313 3415 2877 3479 contemnendam

541 3533 807 3612 partem
851 3524 1046 3608 regni
1090 3529 1485 3610 occupatam
1531 3530 1600 3588 et
1639 3523 1768 3587 sibi
1806 3522 2177 3608 subjectam
2206 3521 2536 3586 haberent
2563 3522 2633 3606 5),
2659 3523 2868 3587 Paeo·

545 3652 662 3694 nes
709 3650 904 3715 agros
950 3629 1079 3693 sibi
1115 3628 1436 3694 finitimos
1454 3628 1764 3694 omnibus
1789 3629 2003 3694 modis
2025 3633 2353 3694 vexarent
2375 3625 2450 3712 6).
2477 3629 2627 3695 Non
2653 3628 2869 3694 solum

543 3735 1022 3823 Lyncestidem
1065 3734 1284 3820 Illyrii
1329 3736 1769 3823 occupatione
1812 3736 2156 3819 tenebant,
2207 3737 2414 3801 etiam
2456 3758 2614 3824 pars
2647 3736 2866 3800 Mace-

541 3843 782 3909 doniae
827 3842 1172 3908 Inferioris
1216 3843 1299 3907 iis
1338 3842 1641 3928 subjecta
1665 3850 1827 3908 erat.
1876 3842 2209 3908 Diodorus
2238 3844 2422 3941 enim
2442 3842 2741 3929 loquitur
2782 3842 2867 3907 de

591 4048 638 4117 1)
675 4049 874 4104 Strabo
912 4048 1031 4103 436.
1070 4049 1205 4103 Abel
1249 4048 1370 4103 159.

592 4138 642 4202 2)
678 4137 851 4191 Thuc.
884 4137 934 4191 6.
977 4138 1024 4192 7.
1063 4138 1112 4191 3.

590 4224 638 4291 3)
676 4225 847 4280 Thuc.
885 4227 933 4279 1.
971 4226 1056 4280 61.
1096 4227 1144 4294 2,
1183 4226 1321 4281 Abel
1358 4226 1477 4280 175.

590 4314 640 4380 4)
677 4314 846 4368 Thuc.
885 4314 935 4367 2.
975 4314 1095 4368 100.

591 4401 641 4468 5)
677 4402 833 4457 Diod.
875 4403 956 4456 16.
998 4402 1043 4454 l.
1083 4403 1132 4457 3.
1175 4405 1231 4456 et
1266 4402 1315 4455 2.
1353 4403 1405 4455 2.

591 4490 640 4553 6)
678 4490 833 4545 Diod.
872 4491 953 4545 16.
991 4491 1041 4545 4.
1080 4491 1145 4545 cf.
1192 4489 1404 4545 Arrian.
1444 4491 1492 4544 7.
1531 4491 1580 4545 9.
1619 4491 1667 4545 2.
