3338 5350
1497 524 1585 588 27

459 719 654 798 Quod
700 718 956 784 bellum
1001 720 1308 805 sequenti
1356 739 1535 784 anno
1576 717 1661 783 ab
1701 720 1848 806 ipso
1885 740 2046 805 rege
2091 721 2559 784 continuatum
2582 726 2704 803 est,

367 849 526 891 cum
571 826 656 892 ab
705 827 918 892 altera
965 834 1160 914 parte
1207 825 1673 914 Corsobleptes
1721 826 1971 891 auxilia
1997 827 2333 913 acciperet
2356 849 2396 891 a
2418 823 2707 892 Charete

365 932 884 998 Atheniensium
933 933 1124 1017 duce,
1187 934 1303 1018 qui
1349 954 1503 998 cum
1548 932 1762 998 classe
1823 934 1895 997 in
1943 933 2403 999 Chersonneso
2449 932 2703 998 aderat.

365 1040 459 1104 Et
505 1040 670 1105 dum
712 1039 1158 1106 Athenienses
1205 1045 1475 1105 auctore
1515 1039 1899 1104 Philocrate
1936 1061 2090 1105 cum
2112 1038 2596 1105 Macedonibus
2621 1040 2704 1104 de

364 1168 536 1233 pace
605 1145 920 1233 agebant,
992 1147 1156 1212 dum
1220 1144 1580 1233 Philippus
1648 1168 1772 1233 per
1834 1146 2094 1231 legatos
2140 1146 2431 1232 benigne
2478 1148 2706 1212 omnia

364 1253 812 1340 pollicebatur
857 1275 1323 1341 quaecumque
1369 1252 1899 1318 Atheniensibus
1942 1259 2142 1338 grata
2186 1259 2381 1318 erant
2420 1253 2498 1337 ¹),
2540 1253 2704 1318 dum

367 1381 506 1446 pax
567 1361 714 1445 jam
782 1361 967 1427 facta
1031 1361 1323 1426 necdum
1392 1382 1433 1425 a
1499 1382 1658 1446 rege
1729 1359 2126 1425 confirmata
2176 1366 2339 1444 erat,
2388 1361 2704 1448 deinceps

366 1469 547 1554 cepit
596 1466 967 1551 Serrhium‚
1016 1468 1375 1533 Doriscum
1420 1472 1489 1532 et
1532 1466 1789 1532 Hieron
1836 1466 2002 1532 Oros
2020 1467 2092 1550 2),
2140 1465 2252 1532 vel
2299 1468 2384 1532 ad
2432 1467 2703 1532 Granum

368 1596 579 1659 usque
626 1575 714 1639 ad
760 1573 1247 1663 Propontidem
1288 1575 1695 1662 penetravit,
1744 1574 1983 1639 eodem
2026 1581 2331 1662 tempore
2376 1571 2705 1639 Cherson-

364 1683 543 1746 nessi
626 1682 810 1768 parti
880 1682 1061 1747 ultra
1130 1681 1433 1768 Agoram
1501 1682 1672 1746 sitae
1738 1680 2220 1769 Apollonidem
2292 1680 2703 1746 Cardianum

364 1786 695 1875 praefecit
716 1789 788 1873 3),
831 1789 1197 1854 arctissime
1243 1810 1385 1853 sese
1435 1788 1789 1873 conjunxit
1832 1810 1986 1853 cum
2024 1788 2192 1853 urbe
2216 1787 2480 1871 Cardia,
2528 1810 2703 1875 quae

364 1902 597 1960 tamen
661 1901 740 1960 ut
809 1902 1010 1960 antea
1070 1896 1172 1960 sui
1212 1894 1384 1980 juris
1430 1896 1683 1960 mansit
1720 1893 1794 1982 4).
1842 1893 2030 1973 Quae
2076 1896 2302 1961 omnia
2346 1894 2701 1982 Philippus

362 2003 642 2067 retinuit
689 2007 1049 2090 postquam
1093 2023 1334 2089 pacem
1383 2022 1539 2066 cum
1583 2000 2111 2066 Atheniensibus
2148 2001 2575 2066 confirmavit
2625 2001 2697 2088 5),

362 2111 722 2175 universae
804 2130 960 2174 orae
1028 2107 1410 2172 Maritimae
1479 2106 1805 2173 Thraciae
1868 2108 1957 2172 ad
2025 2108 2296 2173 Ganum
2362 2130 2575 2194 usque
2642 2109 2704 2173 ei

363 2216 694 2282 obnoxiae
738 2215 1044 2280 redditae
1089 2222 1248 2279 sunt
1271 2213 1339 2297 ⁶).

451 2322 654 2387 Patet
701 2323 881 2387 enim
932 2321 1132 2386 urbes
1179 2319 1330 2386 illas
1378 2321 1662 2407 posthac
1685 2320 1943 2385 tributa
1966 2320 2200 2385 tulisse
2222 2322 2367 2407 regi
2393 2322 2703 2388 Macedo-

361 2431 516 2493 niae
544 2429 611 2512 7),
636 2428 987 2516 praesidiis
1004 2428 1454 2493 Macedonicis
1479 2427 1877 2493 cohibentur
1902 2426 1973 2510 ⁸),
2000 2426 2385 2493 libertatem
2406 2429 2478 2493 in
2499 2430 2700 2495 rebus

268 2562 275 2571 ·
364 2536 661 2601 externis
711 2537 1033 2600 amittunt
1060 2533 1132 2619 9),
1161 2535 1422 2600 nummi
1469 2555 1737 2620 quoque
1785 2535 2132 2599 autonomi
2174 2535 2362 2600 haud
2408 2556 2596 2600 secus
2623 2556 2701 2601 ac

350 2642 851 2732 ‘Amphipolide
887 2642 1085 2726 Aeni,
1132 2641 1423 2708 Abderis
1459 2642 1724 2730 percuti
1748 2641 2065 2706 desinunt
2085 2640 2184 2729 1⁰).
2211 2641 2500 2730 Insuper
2522 2645 2702 2709 cives

363 2751 633 2816 illarum
696 2750 966 2815 urbium
1013 2750 1352 2837 stipendia
1396 2749 1706 2814 fecerunt
1751 2751 1822 2813 in
1865 2749 2168 2838 Philippi
2221 2750 2702 2838 exercitibusss)

361 2857 648 2924 fortasse
711 2862 1107 2945 procurator
1150 2859 1376 2944 regius
1423 2858 1701 2923 summis
1743 2855 1943 2921 rebus
1967 2856 2337 2944 praeest-³2).
2367 2856 2500 2923 Sed
2528 2857 2699 2922 nihi-

410 3128 462 3192 1)
498 3128 749 3183 Aeschin·
806 3129 1031 3197 Parapr.
1089 3128 1174 3200 82.
1230 3129 1513 3184 Demosth.
1569 3129 1690 3182 365.
1748 3128 1817 3181 22
1878 3131 1935 3182 et
1982 3128 2069 3182 29.
2108 3130 2175 3182 cf.
2215 3132 2405 3182 autem
2442 3128 2606 3182 Holm
2648 3129 2698 3181 3.

361 3218 464 3272 283
501 3221 559 3272 et
595 3218 697 3271 291
739 3235 857 3286 sqq.

410 3307 458 3370 2)
496 3306 779 3361 Demosth.
818 3305 904 3360 85.
943 3307 1040 3371 26;
1079 3307 1200 3360 114.
1239 3307 1333 3375 15;
1375 3308 1493 3362 105.
1537 3309 1602 3360 15
1641 3310 1746 3363 cet.

411 3394 460 3462 3)
497 3397 577 3450 De
614 3396 939 3464 Apollonide
974 3396 1255 3450 Demosth.
1295 3396 1381 3450 86.
1424 3397 1491 3450 10
1528 3414 1661 3465 sqq;
1699 3396 1822 3452 681.
1859 3398 1943 3452 25.

409 3483 458 3552 4)
495 3486 780 3540 Demosth.
817 3484 914 3549 873
955 3485 1073 3538 161.
1112 3485 1196 3539 20.
1235 3485 1391 3540 Diod.
1431 3486 1513 3538 16.
1551 3486 1637 3540 34.
1675 3487 1727 3540 4.
1768 3486 2029 3542 Schaefer
2071 3488 2114 3542 l.
2157 3488 2275 3541 164.

408 3573 456 3638 5)
492 3574 775 3628 Demosth.
814 3573 935 3627 234.
977 3574 1060 3627 11.
1102 3573 1284 3628 Schol.
1324 3573 1397 3629 ad
1432 3575 1588 3628 Dem.
1625 3574 1746 3629 392.
1785 3575 1835 3630 8.

407 3662 456 3728 6)
492 3663 776 3717 Demosth.
815 3662 900 3717 89.
938 3662 989 3717 6.

408 3752 454 3817 7)
489 3753 773 3807 Demosth.
811 3752 931 3806 234.
973 3752 1058 3806 15.

407 3840 454 3905 8)
491 3841 774 3895 Demosth.
814 3841 968 3895 1334.
1008 3841 1091 3895 20.

406 3929 451 3997 9)
488 3929 622 3984 Ibid.
660 3925 730 3986 οἶς
764 3927 818 3987 ἦν
853 3928 1157 3992 uiperea-apos«
1193 3931 1390 3994 φρουρὰν
1428 3927 1773 3993 ὑποδέχεσθαι
1811 3930 1897 3981 καῖ
1933 3929 2181 3995 βαρβάρων
2217 3930 2418 3984 ἀκούειν.

378 4018 449 4085 10)
489 4019 774 4074 Sboronos
812 4018 836 4071 Ι
872 4018 977 4072 315
1016 4022 1073 4074 et
1108 4019 1235 4073 318.

378 4106 450 4177 11)
486 4108 770 4162 Demosth.
828 4107 948 4161 234.
1008 4108 1089 4161 15.
1162 4107 1248 4158 καὶ
1302 4109 1369 4170 μῆ
1420 4111 1669 4172 προλαβὸν
1726 4106 1897 4166 ἐκεῖνος
1952 4111 2062 4166 τοὺς
2098 4107 2368 4173 ἐπικαίρους
2406 4117 2500 4164 τῶν
2537 4116 2694 4162 τόπων

357 4194 504 4259 κύριος
558 4202 648 4256 τῆς
694 4195 882 4265 Θρᾴκης
931 4198 1218 4254 κατασταίη
1254 4196 1378 4259 μηδὲ
1415 4204 1603 4247 πολλῶν
1640 4199 1728 4260 μὲν
1765 4198 2033 4260 χρημάτων
2068 4205 2255 4249 πολλῶν
2295 4199 2346 4250 δὲ
2385 4207 2696 4264 στρατιωτῶν

354 4283 619 4347 εὐπορήσας
654 4283 709 4337 ἐκ
744 4283 931 4336 τούτων
969 4284 1138 4353 ῥᾳδίως
1174 4285 1278 4343 τοῖς
1315 4288 1499 4343 λοιποῖς
1537 4281 1806 4350 ἐπιχειροίη
1844 4287 2143 4352 πράγμασιν.

378 4374 451 4440 12)
470 4377 666 4446 Droys.
706 4376 756 4429 1.
789 4375 835 4428 1.
868 4375 987 4429 158.
1045 4376 1194 4445 „Von
1240 4375 1425 4430 diesen
1477 4393 1635 4431 wenn
1666 4393 1798 4432 man
1847 4377 1956 4432 will
1983 4378 2347 4449 Koniglichen
2379 4378 2611 4434 Stadtcn
2642 4380 2699 4433 in

352 4463 674 4519 Thrakien.’'
