3338 5350
1513 538 1595 601 31

698 807 738 885 ξ
785 801 851 871 8.
930 803 1017 871 De
1063 803 1355 889 Paeonia,
1406 805 1728 889 Dardanis,
1774 805 2086 890 ΤΓίὴειΙΙὶε,
2133 805 2413 892 scythis.

478 999 849 1066 Paeoniam
885 1024 1174 1087 regnum
1219 1000 1766 1090 Septentrionem
1813 1025 2050 1069 versus
2097 1004 2533 1069 Macedoniae
2577 1003 2727 1068 fini-

388 1109 654 1192 timum,
695 1108 838 1193 jam
883 1131 1086 1196 supra
1131 1110 1349 1175 obiter
1395 1112 1761 1196 attigimus.
1827 1109 1870 1175 J
1875 1131 1985 1175 am
2030 1111 2325 1175 vidimus
2372 1132 2549 1175 anno
2597 1111 2729 1175 358

388 1221 733 1280 mortuum
804 1238 947 1281 esse
1012 1217 1308 1301 Agidem
1373 1237 1604 1303 regem
1673 1225 1916 1305 (supra.
1985 1240 2054 1305 p.
2107 1219 2169 1299 7)
2237 1219 2344 1282 cui
2416 1220 2731 1284 successit

389 1323 718 1408 Lykkeus
766 1324 909 1388 sive
953 1323 1281 1412 Lykpeus
1330 1332 1405 1390 ut
1425 1346 1675 1391 nomen
1701 1326 1845 1411 ejus
1870 1326 2162 1390 nummis
2185 1326 2582 1412 inscriptum
2606 1331 2726 1409 est,

392 1432 538 1495 sive
582 1431 906 1521 Lyppeus
945 1430 1016 1512 1),
1066 1434 1180 1517 qui
1220 1432 1366 1518 jam
1415 1433 1653 1498 eodem
1702 1454 1879 1498 anno
1925 1439 2195 1498 coactus
2242 1438 2344 1497 est
2367 1453 2728 1518 agnoscere

391 1541 847 1627 principatum
892 1542 1333 1607 Macedoniae
1368 1540 1448 1627 2).
1495 1540 1736 1626 Neque
1783 1539 2060 1605 meliore
2108 1538 2381 1604 fortuna
2424 1561 2583 1603 usus
2630 1545 2730 1603 est

389 1646 576 1710 idem
641 1669 780 1731 rex,
851 1671 1005 1713 cum
1067 1669 1245 1713 anno
1295 1648 1425 1712 355
1468 1645 1750 1731 ¹foedere
1786 1647 2064 1732 junctus
2111 1668 2265 1712 cum
2309 1645 2557 1731 Illyriis
2604 1645 2727 1710 sub

393 1752 622 1818 Grabo
637 1776 818 1840 rege,
838 1776 993 1820 cum
1014 1754 1386 1821 Thracibus
1414 1761 1481 1819 et
1506 1753 2032 1820 Atheniensibus
2062 1752 2130 1837 3),
2156 1775 2383 1834 rursus
2406 1751 2728 1840 Philippo

390 1859 648 1925 bellum
714 1861 960 1927 intulit.
1032 1861 1290 1928 Iterum
1356 1860 1756 1949 profligatus
1828 1868 1930 1926 est
1992 1868 2058 1926 et
2104 1859 2421 1948 Philippo
2470 1858 2617 1945 subj
2626 1880 2728 1924 ec-

390 1972 503 2032 tus
548 1970 815 2034 mansit.

482 2075 722 2161 Neque
767 2083 1005 2164 postea
1053 2079 1355 2164 Lycceus
1392 2083 1641 2159 noster,
1666 2098 1889 2162 neque
1914 2098 2252 2141 successor
2276 2074 2420 2161 ejus
2440 2074 2729 2139 Patraus

391 2181 599 2246 fidem
670 2205 831 2269 erga
873 2184 1279 2250 Macedones
1326 2190 1625 2248 mutasse
1671 2184 1967 2267 videtur,
2010 2182 2201 2249 nullo
2248 2183 2396 2248 loco
2445 2182 2624 2247 enim
2659 2182 2731 2245 in

389 2290 871 2375 posterioribus
915 2290 1451 2378 expeditionibus
1497 2296 1736 2355 contra
1781 2290 2105 2357 barbaros
2153 2288 2731 2378 septentrionales,

390 2417 480 2460 ne
545 2397 737 2461 initio
797 2398 992 2483 regni
1037 2397 1411 2463 Alexandri
1458 2397 1754 2489 quidem,
1804 2419 1959 2462 cum
2004 2404 2274 2462 tantum
2316 2418 2455 2462 non
2501 2417 2731 2461 omnes

392 2510 627 2588 gentes
714 2504 1274 2591 septentrionales
1347 2513 1583 2572 contra
1662 2505 2139 2570 Macedoniam
2205 2506 2731 2585 insurrexerunt,

391 2610 742 2675 Paeonum
808 2633 927 2677 rex
994 2612 1188 2678 nobis
1233 2612 1471 2678 obvius
1519 2618 1623 2678 est
1661 2619 1740 2678 ut
1787 2612 1998 2678 hostis
2035 2612 2213 2699 regis
2260 2610 2726 2675 Macedonum.

395 2715 665 2801 Contra,
715 2719 894 2805 quod
942 2719 1271 2786 Arrianus
1319 2741 1432 2785 eos
1479 2741 1616 2785 uno
1661 2726 1895 2786 tenore
1940 2721 2247 2785 nominat
2290 2741 2446 2784 cum
2489 2718 2732 2804 Agria-

394 2825 499 2889 nis
538 2824 611 2910 4),
681 2827 798 2911 qui
866 2827 938 2890 in
1004 2826 1140 2892 fide
1199 2827 1640 2892 Macedonica
1700 2833 2099 2891 manserunt
2134 2827 2214 2913 5),
2261 2826 2586 2891 indicium
2632 2829 2735 2889 est

394 2954 614 3018 neque
660 2934 878 3019 magis
924 2933 1227 2999 Paeones
1255 2934 1341 2999 ab
1366 2933 1760 2999 Alexandro
1786 2932 2129 3014 defecisse,
2154 2932 2554 3020 praesertim
2577 2952 2733 2995 cum

393 3039 624 3127 paullo
673 3047 828 3127 post
871 3040 1078 3105 iidem
1124 3039 1444 3106 Aristone
1491 3042 1663 3106 duce
1707 3039 1956 3105 milites
1994 3042 2302 3105 miserint
2324 3040 2412 3105 ad
2433 3038 2732 3103 Alexan-

398 3147 596 3211 drum
642 3148 757 3232 qui
808 3168 962 3212 cum
1006 3170 1168 3234 rege
1211 3148 1650 3213 Macedonico
1692 3147 2031 3234 stipendia
2054 3145 2637 3212 facerentinAsia
2658 3144 2729 3234 6).

480 3255 723 3338 Neque
789 3254 913 3319 sub
984 3254 1474 3324 successoribus
1541 3254 1791 3341 Lyccei
1856 3253 2152 3319 amicitia
2195 3252 2532 3320 Paeoniae
2578 3276 2735 3319 cum

393 3361 794 3426 Macedonia
860 3361 1252 3445 languebat,
1323 3362 1491 3426 nihil
1548 3363 1741 3427 onim
1812 3361 2102 3449 amplius
2167 3361 2252 3425 de
2297 3362 2376 3426 iis
2425 3362 2733 3427 audimus

393 3469 522 3533 nisi
572 3469 754 3554 quod
803 3489 981 3534 anno
1028 3468 1157 3533 310
1193 3468 1550 3533 Audoleon
1577 3490 1698 3533 rex
1723 3468 2046 3534 auxilium
2068 3468 2268 3556 petiit
2292 3491 2332 3533 a
2354 3465 2733 3534 Cassandro

392 3582 627 3641 contra
690 3574 1102 3656 AutariataS,
1175 3574 1768 3661 Cassandrumque
1836 3576 1896 3642 ei
1961 3597 2160 3663 opem
2205 3575 2438 3641 tulisse
2483 3578 2553 3658 7).
2603 3575 2731 3641 1110

443 3796 489 3866 1)
526 3799 767 3853 Dittenb.
809 3800 927 3854 114.

444 3886 492 3956 2)
525 3889 683 3943 Diod.
723 3889 806 3943 16.
847 3890 896 3943 4.
937 3890 989 3942 2.

443 3976 488 4045 3)
524 3978 764 4032 Dittenb.
806 3978 933 4033 ibid.
973 3978 1132 4034 Diod.
1176 3980 1258 4033 16.
1299 3980 1384 4033 22.
1425 3980 1474 4033 3.

440 4064 488 4130 4)
523 4067 722 4121 Arrian
761 4068 808 4120 1.
848 4067 896 4122 5.
939 4067 984 4120 1.
1029 4068 1096 4122 cf.
1135 4068 1291 4123 Diod.
1334 4070 1417 4122 17.
1457 4068 1505 4122 8.
1550 4068 1596 4121 1.

441 4154 490 4222 5)
526 4156 723 4210 Arrian
761 4156 808 4209 1.
851 4156 900 4210 1.
940 4156 1022 4211 11.
1073 4158 1287 4227 Appian
1323 4158 1405 4212 Ill.
1446 4159 1528 4212 14.
1582 4155 1759 4219 ’ἔνδοξοι
1799 4157 1967 4210 &sich
2006 4160 2079 4225 (οἱ
2110 4161 2333 4228 Παίονες)
2371 4155 2426 4209 ἐκ
2455 4157 2735 4209 Μακεδόνων

390 4243 438 4293 δῖ
492 4244 772 4308 Ἀγριᾶνας,
824 4244 871 4294 οἳ
922 4247 993 4295 τὰ
1028 4247 1253 4310 μέγιστα
1306 4248 1534 4311 Φιλίππῳ
1584 4246 1669 4297 καὶ
1726 4246 2022 4311 Ἀλεξάνδρῳ
2077 4249 2493 4315 κατεργασάμενοι
2531 4247 2737 4304 Παίονές

388 4333 481 4383 εἶσι
521 4338 618 4383 τῶν
655 4334 788 4383 κάτω
825 4337 1059 4394 Παιόνων,
1097 4335 1345 4397 Ἰλλυριοῖς
1379 4332 1576 4386 ἔποικοι.

440 4420 487 4491 6)
525 4422 740 4476 Arrian.
780 4424 827 4475 2.
875 4425 921 4476 7.
963 4423 1026 4489 53
1065 4425 1118 4478 9.
1158 4426 1206 4477 2.
1247 4425 1474 4480 Curtius
1509 4426 1558 4478 4.
1600 4426 1652 4478 9.
1694 4426 1778 4479 24.

443 4512 491 4575 7)
530 4511 712 4567 Justin
750 4513 831 4565 15.
873 4513 921 4566 2.
965 4512 1011 4566 1.
1052 4514 1208 4569 Diod.
1252 4514 1335 4567 20.
1384 4514 1465 4568 19.
1509 4516 1556 4568 1.
