3338 5350
1725 509 1814 574 84

600 704 837 772 favore
884 704 1213 769 exercitus
1258 704 1606 770 niteretur.
1699 705 1997 770 Maxime
2066 705 2248 770 enim
2311 705 2496 793 leges
2564 705 2804 772 violari
2874 709 2936 771 ei

600 815 786 877 visae
833 817 1008 894 sunt,
1058 812 1111 876 si
1178 811 1376 898 stirps
1416 810 1647 894 junior
1689 817 2025 897 regnaret,
2095 833 2244 877 cum
2311 813 2503 877 heres
2568 811 2936 899 legitimuS,

600 919 790 1004 cujus
829 919 978 1006 ipsa
1023 919 1235 982 tutrix
1278 916 1583 1003 legitima
1623 925 1818 1002 esset,
1863 926 2133 1005 praesto
2183 926 2389 1003 esset3
2437 920 2612 985 113110
2658 919 2743 985 ob
2788 943 2936 986 rem

598 1026 1005 1112 Eurydicen,
1078 1047 1251 1111 quae
1317 1030 1669 1112 tamquam
1735 1026 1973 1110 regina
2040 1048 2333 1111 regnans
2402 1027 2564 1092 inde
2628 1025 2713 1091 ab
2754 1049 2935 1092 anno

603 1134 731 1197 321
780 1154 992 1218 usque
1039 1132 1127 1196 ad
1171 1132 1303 1197 318
1344 1131 1576 1197 Pellae
1644 1133 1862 1197 vitam
1929 1132 2091 1219 egit,
2140 1139 2332 1199 tanto
2380 1134 2536 1200 odio
2579 1140 2937 1221 persecuta

603 1247 722 1325 est,
785 1239 1037 1326 quippe
1085 1261 1258 1324 (11133
1305 1261 1426 1304 3113
1470 1240 1618 1304 vice
1677 1262 1783 1304 res
1831 1239 2375 1324 administraret3
2435 1241 2610 1306 hanc
2656 1241 2740 1305 ob
2788 1262 2934 1304 rem

601 1347 902 1411 omnium
946 1347 1241 1434 primum
1287 1347 1358 1411 id
1403 1349 1563 1433 egit,
1627 1368 1782 1411 cum
1825 1347 2103 1412 tandem
2150 1370 2481 1413 summam
2527 1354 2934 1436 potestatem

603 1453 851 1540 adepta
896 1460 1014 1535 est,
1056 1460 1132 1518 ut
1178 1454 1244 1519 et
1291 1454 1677 1542 Philippum
1725 1454 1795 1518 et
1831 1454 2218 1540 Eurydicen
2256 1454 2679 1520 interficeret.
2769 1454 2817 1522 J
2820 1476 2934 1519 am

602 1567 802 1626 antea
846 1561 915 1625 id
964 1561 1231 1626 curavit
1275 1568 1351 1625 ut
1397 1560 1624 1626 infans
1668 1561 2059 1627 Alexander
2083 1561 2212 1627 sibi
2235 1562 2651 1646 traderetur3
2679 1562 2931 1648 absque

602 1690 680 1733 eo
727 1669 906 1732 enim
944 1669 1093 1755 ipsa
1136 1667 1327 1733 nulla
1371 1675 1535 1752 erat,
1574 1668 1691 1734 illo
1737 1669 1882 1756 ipso
1929 1675 1996 1733 et
2019 1668 2199 1732 illius
2223 1671 2368 1734 vita
2391 1690 2586 1734 omne
2599 1670 2712 1754 jus
2737 1692 2933 1735 suum

600 1776 964 1841 nitebatur.
1054 1776 1388 1840 Roxanen
1478 1775 1564 1840 de
1632 1776 1848 1841 salute
1915 1776 2111 1863 pueri
2179 1775 2537 1840 sollicitam
2612 1776 2928 1857 reddidit,

602 1906 806 1969 quam
853 1882 938 1948 ob
984 1905 1129 1948 rem
1172 1882 1364 1949 brevi
1410 1889 1565 1971 post
1609 1882 1963 1971 Antipatri
2008 1889 2296 1948 mortem
2355 1882 2604 1967 infanS,
2630 1905 2930 1970 compro-

599 1990 807 2058 bante
874 1991 1471 2079 Polysperchonte‚
1520 2014 1560 2056 a
1624 1991 1930 2073 Roxane,
2001 2012 2173 2076 quae
2242 1990 2510 2056 sibimet
2569 1991 2700 2078 ipsi
2759 1989 2932 2054 nihil

600 2101 886 2187 rogavit,
954 2099 1028 2163 in
1094 2099 1400 2187 Epirum,
1469 2098 1585 2163 ubi
1655 2097 2002 2186 Olympias
2073 2099 2288 2162 vitam
2356 2099 2529 2184 egit,
2590 2104 2930 2185 transpor-

600 2213 783 2272 tatus
832 2213 932 2272 est
957 2207 1026 2289 1).

691 2314 1000 2380 Secundo
1061 2313 1207 2379 1000
1267 2314 1684 2379 nominanda
1731 2318 1831 2377 est
1878 2312 2257 2400 Cleopatra,
2307 2312 2679 2378 Alexandri
2727 2333 2929 2377 soror.

601 2420 987 2488 Secundum
1033 2421 1515 2487 successionem
1560 2420 1938 2504 legitimam
1985 2421 2188 2485 etiam
2233 2421 2392 2486 huic
2429 2421 2541 2506 jus
2587 2421 2931 2507 quoddam

599 2530 853 2595 tutelae
915 2534 983 2593 et
1035 2531 1227 2613 regni
1275 2528 1780 2593 concedendum
1827 2533 1948 2610 est,
1997 2527 2176 2613 quod
2221 2528 2515 2592 secundo
2560 2527 2726 2610 1000,
2777 2532 2932 2614 post

603 2634 1043 2725 Olympiadis,
1093 2636 1211 2702 sed
1258 2641 1415 2701 ante
1455 2634 1762 2723 Philippi
1782 2633 2146 2700 Arrhidaei
2170 2634 2562 2701 habendum
2586 2640 2705 2701 est.
2754 2633 2929 2699 Mul-

599 2750 825 2809 torum
869 2743 1220 2809 hominum
1280 2743 1535 2828 judicio
1598 2742 1829 2827 magni
1891 2742 2216 2807 momenti
2275 2748 2439 2826 erat,
2507 2764 2660 2807 cum
2710 2741 2930 2806 adhuc

603 2852 1107 2916 matrimonium
1150 2850 1321 2915 inire
1366 2856 1610 2938 posset,
1658 2871 1792 2935 (1110
1839 2850 2266 2914 matrimonio
2315 2849 2559 2914 marito
2616 2870 2735 2913 3110
2772 2847 2931 2932 jura

599 2980 1031 3044 nequaquam
1077 2958 1458 3044 spernenda
1504 2957 1591 3022 ad
1628 2978 1916 3042 regnum
1955 2956 2443 3043 capessendum
2468 2956 2710 3020 datura
2736 2961 2928 3020 esset.

599 3065 904 3130 Primum
949 3064 1379 3130 Leonnatum
1423 3064 1740 3128 maritum
1802 3063 1932 3127 sibi
1976 3063 2185 3149 elegit
2205 3064 2275 3146 2),
2314 3069 2469 3150 post
2512 3061 2712 3148 hujus
2758 3084 2930 3127 mor-

600 3178 742 3236 tem
804 3176 1031 3237 autem
1091 3169 1453 3235 Perdiccae
1520 3191 1777 3235 morem
1821 3170 2049 3256 gessit,
2114 3170 2312 3255 eique
2356 3170 2607 3256 nupsit,
2657 3169 2769 3233 sed
2822 3168 2932 3232 hic

604 3300 872 3365 (1110(1113
908 3284 1211 3343 mortuus
1259 3283 1360 3341 est
1381 3281 1450 3360 3).
1498 3277 1669 3341 Inde
1716 3276 1800 3341 ab
1847 3277 1976 3342 hoc
2021 3282 2327 3364 tempore
2374 3274 2700 3341 Sardibus
2740 3276 2930 3340 sedes

603 3385 862 3468 habuit,
930 3385 1203 3450 nomine
1273 3390 1540 3448 tantum
1582 3384 1799 3448 libera
1867 3391 2030 3467 erat,
2102 3384 2221 3448 sed
2281 3405 2440 3449 mox
2482 3382 2556 3446 in
2599 3380 2932 3467 Antigoni

604 3493 981 3559 custodiam
1015 3493 1380 3581 pervenit,
1449 3514 1601 3557 cum
1667 3491 1780 3557 hic
1846 3489 2083 3555 Asiam
2151 3491 2485 3556 Minorem
2551 3488 2929 3576 occupavit.

603 3600 830 3665 Etiam
941 3600 1057 3665 diu
1160 3605 1315 3686 post
1415 3598 1921 3663 matrimonium
2027 3597 2427 3685 Cleopatrae
2520 3619 2560 3661 a
2648 3594 2932 3660 ducibus

605 3705 979 3772 Alexandri
1066 3712 1416 3792 tamquam
1482 3705 1862 3792 praemium
1952 3704 2279 3770 victoriae
2370 3701 2774 3784 habebatur,
2865 3707 2937 3766 et

607 3813 1102 3899 quodammodo
1169 3813 1693 3877 instrumentum
1764 3833 1896 3898 quo
1968 3832 2231 3875 summa
2291 3809 2560 3897 imperii
2603 3807 2931 3896 possessio

602 3926 975 4008 pararetur.
1050 3920 1186 3985 Sed
1232 3941 1461 3984 omnes
1510 3920 1628 4004 qui
1674 3919 1761 3983 ad
1807 3917 2315 3983 matrimonium
2371 3916 2543 3981 illud
2592 3916 2931 4003 aspirave-

603 4034 783 4110 runt,
833 4025 1227 4110 Cassander,
1276 4026 1740 4112 LysimachuS,
1786 4025 1933 4112 ipse
1953 4023 2344 4110 Antigonus
2371 4024 2454 4089 ab
2481 4046 2561 4089 ea
2582 4021 2932 4111 repudiati

659 4278 705 4345 1)
741 4279 888 4333 Plut.
925 4280 1084 4334 Eum.
1123 4279 1206 4333 13.
1246 4280 1313 4334 cf.
1354 4279 1512 4334 Diod.
1556 4278 1639 4333 19.
1679 4276 1764 4331 23.
1801 4277 1851 4329 2.

659 4368 707 4434 2)
746 4368 891 4423 Plut.
930 4369 1089 4423 Eum.
1127 4369 1180 4421 3.

660 4456 704 4527 3)
739 4457 895 4512 Diod.
939 4457 1021 4511 18.
1062 4457 1145 4511 23.
1183 4458 1232 4511 3.
