<?xml version="1.0" encoding="UTF-8"?>
<!DOCTYPE html PUBLIC "-//W3C//DTD XHTML 1.0 Transitional//EN"
    "http://www.w3.org/TR/xhtml1/DTD/xhtml1-transitional.dtd">
<html xmlns="http://www.w3.org/1999/xhtml" xml:lang="en" lang="en">
 <head>
  <title>
</title>
<meta http-equiv="Content-Type" content="text/html;charset=utf-8" />
  <meta name='ocr-system' content='tesseract 3.04.00' />
  <meta name='ocr-capabilities' content='ocr_page ocr_carea ocr_par ocr_line ocrx_word'/>
</head>
<body>
  <div class='ocr_page' id='page_1' title='image "./definibusregnim01breegoog_0131.png"; bbox 0 0 3338 5350; ppageno 0'>
   <div class='ocr_carea' id='block_1_1' title="bbox 1566 460 1650 523">
    <p class='ocr_par' dir='ltr' id='par_1_1' title="bbox 1566 460 1650 523">
     <span class='ocr_line' id='line_1_1' title="bbox 1566 460 1650 523; baseline -0.012 0"><span class='ocrx_word' id='word_1_1' title='bbox 1566 460 1650 523; x_wconf 88' lang='lat'>81</span> 
     </span>
    </p>
   </div>
   <div class='ocr_carea' id='block_1_2' title="bbox 441 683 2798 4201">
    <p class='ocr_par' dir='ltr' id='par_1_2' title="bbox 441 683 2791 1822">
     <span class='ocr_line' id='line_1_2' title="bbox 441 683 2782 771; baseline 0.002 -24"><span class='ocrx_word' id='word_1_2' title='bbox 441 691 571 748; x_wconf 88' lang='lat' dir='ltr'>tur.</span> <span class='ocrx_word' id='word_1_3' title='bbox 622 683 970 771; x_wconf 84' lang='lat' dir='ltr'>Harpalus</span> <span class='ocrx_word' id='word_1_4' title='bbox 1019 692 1323 771; x_wconf 88' lang='lat' dir='ltr'>sumptus</span> <span class='ocrx_word' id='word_1_5' title='bbox 1371 707 1522 749; x_wconf 90' lang='lat' dir='ltr'>suos</span> <span class='ocrx_word' id='word_1_6' title='bbox 1569 684 1873 770; x_wconf 86' lang='lat' dir='ltr'>privatos</span> <span class='ocrx_word' id='word_1_7' title='bbox 1921 706 1958 748; x_wconf 92' lang='lat' dir='ltr'>e</span> <span class='ocrx_word' id='word_1_8' title='bbox 2004 684 2336 749; x_wconf 79' lang='lat' dir='ltr'>reditibus</span> <span class='ocrx_word' id='word_1_9' title='bbox 2361 683 2782 770; x_wconf 79' lang='lat' dir='ltr'>Babyloniae</span> 
     </span>
     <span class='ocr_line' id='line_1_3' title="bbox 443 790 2785 881; baseline 0 -23"><span class='ocrx_word' id='word_1_10' title='bbox 443 792 901 881; x_wconf 76' lang='lat' dir='ltr'>persolvebat,</span> <span class='ocrx_word' id='word_1_11' title='bbox 950 792 1130 878; x_wconf 89' lang='lat' dir='ltr'>quod</span> <span class='ocrx_word' id='word_1_12' title='bbox 1177 791 1482 878; x_wconf 84' lang='lat' dir='ltr'>profecto</span> <span class='ocrx_word' id='word_1_13' title='bbox 1529 792 1591 856; x_wconf 89' lang='lat' dir='ltr'>ei</span> <span class='ocrx_word' id='word_1_14' title='bbox 1636 790 1789 877; x_wconf 87' lang='lat' dir='ltr'>lege</span> <span class='ocrx_word' id='word_1_15' title='bbox 1833 812 2222 856; x_wconf 89' lang='lat' dir='ltr'>concessum</span> <span class='ocrx_word' id='word_1_16' title='bbox 2268 797 2430 874; x_wconf 90' lang='lat' dir='ltr'>erat,</span> <span class='ocrx_word' id='word_1_17' title='bbox 2481 792 2537 856; x_wconf 93' lang='lat' dir='ltr'>si</span> <span class='ocrx_word' id='word_1_18' title='bbox 2585 792 2785 858; x_wconf 91' lang='lat' dir='ltr'>modo</span> 
     </span>
     <span class='ocr_line' id='line_1_4' title="bbox 446 898 2786 987; baseline 0.001 -22"><span class='ocrx_word' id='word_1_19' title='bbox 446 900 697 966; x_wconf 90' lang='lat' dir='ltr'>modici</span> <span class='ocrx_word' id='word_1_20' title='bbox 744 905 941 964; x_wconf 87' lang='lat' dir='ltr'>erant</span> <span class='ocrx_word' id='word_1_21' title='bbox 962 900 1029 978; x_wconf 81' lang='grc'>1).</span> <span class='ocrx_word' id='word_1_22' title='bbox 1120 899 1271 964; x_wconf 92' lang='lat' dir='ltr'>Hoc</span> <span class='ocrx_word' id='word_1_23' title='bbox 1318 899 1519 964; x_wconf 89' lang='lat' dir='ltr'>modo</span> <span class='ocrx_word' id='word_1_24' title='bbox 1565 920 1705 964; x_wconf 90' lang='lat' dir='ltr'>non</span> <span class='ocrx_word' id='word_1_25' title='bbox 1750 904 2018 963; x_wconf 83' lang='lat' dir='ltr'>tantum</span> <span class='ocrx_word' id='word_1_26' title='bbox 2063 898 2337 982; x_wconf 86' lang='lat' dir='ltr'>regibus</span> <span class='ocrx_word' id='word_1_27' title='bbox 2384 902 2786 987; x_wconf 89' lang='lat' dir='ltr'>permissum</span> 
     </span>
     <span class='ocr_line' id='line_1_5' title="bbox 445 1006 2786 1094; baseline 0 -22"><span class='ocrx_word' id='word_1_28' title='bbox 445 1007 585 1072; x_wconf 84' lang='lat' dir='ltr'>fuit</span> <span class='ocrx_word' id='word_1_29' title='bbox 646 1013 726 1072; x_wconf 88' lang='lat' dir='ltr'>ut</span> <span class='ocrx_word' id='word_1_30' title='bbox 787 1006 1259 1072; x_wconf 76' lang='lat' dir='ltr'>thesaurorum</span> <span class='ocrx_word' id='word_1_31' title='bbox 1327 1006 1648 1094; x_wconf 82' lang='lat' dir='ltr'>pecunias</span> <span class='ocrx_word' id='word_1_32' title='bbox 1718 1006 2207 1094; x_wconf 76' lang='lat' dir='ltr'>dispensarent,</span> <span class='ocrx_word' id='word_1_33' title='bbox 2277 1007 2786 1091; x_wconf 85' lang='lat' dir='ltr'>magistratibus</span> 
     </span>
     <span class='ocr_line' id='line_1_6' title="bbox 449 1112 2789 1201; baseline 0 -22"><span class='ocrx_word' id='word_1_34' title='bbox 449 1136 721 1201; x_wconf 85' lang='lat' dir='ltr'>quoque</span> <span class='ocrx_word' id='word_1_35' title='bbox 767 1114 1273 1201; x_wconf 85' lang='lat' dir='ltr'>provinciarum</span> <span class='ocrx_word' id='word_1_36' title='bbox 1318 1134 1533 1199; x_wconf 90' lang='lat' dir='ltr'>usque</span> <span class='ocrx_word' id='word_1_37' title='bbox 1580 1112 1667 1178; x_wconf 88' lang='lat' dir='ltr'>ad</span> <span class='ocrx_word' id='word_1_38' title='bbox 1716 1114 2048 1177; x_wconf 89' lang='lat' dir='ltr'>incertam</span> <span class='ocrx_word' id='word_1_39' title='bbox 2071 1133 2405 1176; x_wconf 88' lang='lat' dir='ltr'>summam</span> <span class='ocrx_word' id='word_1_40' title='bbox 2428 1115 2789 1200; x_wconf 91' lang='lat' dir='ltr'>pecuniam</span> 
     </span>
     <span class='ocr_line' id='line_1_7' title="bbox 450 1220 2787 1307; baseline 0 -21"><span class='ocrx_word' id='word_1_41' title='bbox 450 1244 731 1307; x_wconf 84' lang='lat' dir='ltr'>erogare</span> <span class='ocrx_word' id='word_1_42' title='bbox 791 1220 1060 1285; x_wconf 82' lang='lat' dir='ltr'>licuerit</span> <span class='ocrx_word' id='word_1_43' title='bbox 1118 1242 1387 1286; x_wconf 91' lang='lat' dir='ltr'>necesse</span> <span class='ocrx_word' id='word_1_44' title='bbox 1451 1227 1551 1284; x_wconf 89' lang='lat' dir='ltr'>est</span> <span class='ocrx_word' id='word_1_45' title='bbox 1598 1220 1965 1286; x_wconf 89' lang='lat' dir='ltr'>dummodo</span> <span class='ocrx_word' id='word_1_46' title='bbox 2012 1241 2308 1307; x_wconf 84' lang='lat' dir='ltr'>expensa</span> <span class='ocrx_word' id='word_1_47' title='bbox 2351 1241 2472 1285; x_wconf 91' lang='lat' dir='ltr'>sua</span> <span class='ocrx_word' id='word_1_48' title='bbox 2511 1222 2787 1286; x_wconf 87' lang='lat' dir='ltr'>rationi·-</span> 
     </span>
     <span class='ocr_line' id='line_1_8' title="bbox 447 1327 2791 1415; baseline -0.001 -20"><span class='ocrx_word' id='word_1_49' title='bbox 447 1331 575 1395; x_wconf 91' lang='lat' dir='ltr'>bus</span> <span class='ocrx_word' id='word_1_50' title='bbox 623 1335 691 1393; x_wconf 87' lang='lat' dir='ltr'>et</span> <span class='ocrx_word' id='word_1_51' title='bbox 730 1327 1132 1396; x_wconf 90' lang='lat' dir='ltr'>testimoniis</span> <span class='ocrx_word' id='word_1_52' title='bbox 1179 1327 1618 1415; x_wconf 87' lang='lat' dir='ltr'>comprobare</span> <span class='ocrx_word' id='word_1_53' title='bbox 1660 1334 1955 1414; x_wconf 88' lang='lat' dir='ltr'>possent.</span> <span class='ocrx_word' id='word_1_54' title='bbox 2000 1327 2188 1392; x_wconf 88' lang='lat' dir='ltr'>Haec</span> <span class='ocrx_word' id='word_1_55' title='bbox 2231 1347 2525 1413; x_wconf 83' lang='lat' dir='ltr'>expensa</span> <span class='ocrx_word' id='word_1_56' title='bbox 2563 1350 2791 1393; x_wconf 86' lang='lat' dir='ltr'>annua</span> 
     </span>
     <span class='ocr_line' id='line_1_9' title="bbox 447 1433 2789 1523; baseline -0 -22"><span class='ocrx_word' id='word_1_57' title='bbox 447 1436 757 1523; x_wconf 84' lang='lat' dir='ltr'>profecto</span> <span class='ocrx_word' id='word_1_58' title='bbox 805 1435 1228 1501; x_wconf 88' lang='lat' dir='ltr'>devorabant</span> <span class='ocrx_word' id='word_1_59' title='bbox 1273 1434 1436 1499; x_wconf 90' lang='lat' dir='ltr'>satis</span> <span class='ocrx_word' id='word_1_60' title='bbox 1458 1456 1780 1520; x_wconf 85' lang='lat' dir='ltr'>magnam</span> <span class='ocrx_word' id='word_1_61' title='bbox 1802 1441 2069 1520; x_wconf 86' lang='lat' dir='ltr'>partem</span> <span class='ocrx_word' id='word_1_62' title='bbox 2091 1434 2435 1499; x_wconf 85' lang='lat' dir='ltr'>redituum</span> <span class='ocrx_word' id='word_1_63' title='bbox 2463 1433 2789 1521; x_wconf 87' lang='lat' dir='ltr'>cujusque</span> 
     </span>
     <span class='ocr_line' id='line_1_10' title="bbox 446 1541 2791 1627; baseline -0 -19"><span class='ocrx_word' id='word_1_64' title='bbox 446 1542 794 1626; x_wconf 83' lang='lat' dir='ltr'>thesauri3</span> <span class='ocrx_word' id='word_1_65' title='bbox 866 1542 985 1607; x_wconf 89' lang='lat' dir='ltr'>sed</span> <span class='ocrx_word' id='word_1_66' title='bbox 1056 1562 1477 1627; x_wconf 88' lang='lat' dir='ltr'>quocumque</span> <span class='ocrx_word' id='word_1_67' title='bbox 1526 1542 1726 1606; x_wconf 89' lang='lat' dir='ltr'>modo</span> <span class='ocrx_word' id='word_1_68' title='bbox 1770 1563 1877 1606; x_wconf 91' lang='lat' dir='ltr'>res</span> <span class='ocrx_word' id='word_1_69' title='bbox 1924 1562 1994 1605; x_wconf 93' lang='lat' dir='ltr'>se</span> <span class='ocrx_word' id='word_1_70' title='bbox 2036 1541 2295 1625; x_wconf 89' lang='lat' dir='ltr'>habuit,</span> <span class='ocrx_word' id='word_1_71' title='bbox 2344 1561 2608 1627; x_wconf 91' lang='lat' dir='ltr'>semper</span> <span class='ocrx_word' id='word_1_72' title='bbox 2671 1565 2791 1607; x_wconf 83' lang='lat' dir='ltr'>rex</span> 
     </span>
     <span class='ocr_line' id='line_1_11' title="bbox 449 1647 2789 1736; baseline -0.001 -21"><span class='ocrx_word' id='word_1_73' title='bbox 449 1650 735 1716; x_wconf 86' lang='lat' dir='ltr'>curabat</span> <span class='ocrx_word' id='word_1_74' title='bbox 803 1655 882 1715; x_wconf 91' lang='lat' dir='ltr'>ut</span> <span class='ocrx_word' id='word_1_75' title='bbox 945 1648 1262 1736; x_wconf 83' lang='lat' dir='ltr'>auspiciis</span> <span class='ocrx_word' id='word_1_76' title='bbox 1323 1647 1460 1712; x_wconf 87' lang='lat' dir='ltr'>suis</span> <span class='ocrx_word' id='word_1_77' title='bbox 1505 1649 1800 1713; x_wconf 87' lang='lat' dir='ltr'>rationes</span> <span class='ocrx_word' id='word_1_78' title='bbox 1847 1647 1935 1712; x_wconf 91' lang='lat' dir='ltr'>ad</span> <span class='ocrx_word' id='word_1_79' title='bbox 1981 1648 2326 1714; x_wconf 90' lang='lat' dir='ltr'>thesauros</span> <span class='ocrx_word' id='word_1_80' title='bbox 2372 1648 2789 1735; x_wconf 88' lang='lat' dir='ltr'>pertinentes</span> 
     </span>
     <span class='ocr_line' id='line_1_12' title="bbox 449 1758 1021 1822; baseline -0.003 0"><span class='ocrx_word' id='word_1_81' title='bbox 449 1758 1021 1822; x_wconf 81' lang='lat' dir='ltr'>examinarentur.</span> 
     </span>
    </p>

    <p class='ocr_par' dir='ltr' id='par_1_3' title="bbox 442 1861 2793 2700">
     <span class='ocr_line' id='line_1_13' title="bbox 540 1861 2791 1947; baseline -0.002 -18"><span class='ocrx_word' id='word_1_82' title='bbox 540 1864 694 1929; x_wconf 82' lang='lat' dir='ltr'>Rex</span> <span class='ocrx_word' id='word_1_83' title='bbox 738 1885 876 1929; x_wconf 95' lang='lat' dir='ltr'>non</span> <span class='ocrx_word' id='word_1_84' title='bbox 925 1864 1148 1928; x_wconf 89' lang='lat' dir='ltr'>minus</span> <span class='ocrx_word' id='word_1_85' title='bbox 1197 1863 1345 1929; x_wconf 90' lang='lat' dir='ltr'>aliis</span> <span class='ocrx_word' id='word_1_86' title='bbox 1390 1862 1465 1926; x_wconf 91' lang='lat' dir='ltr'>in</span> <span class='ocrx_word' id='word_1_87' title='bbox 1509 1861 1711 1927; x_wconf 90' lang='lat' dir='ltr'>rebus</span> <span class='ocrx_word' id='word_1_88' title='bbox 1754 1862 1826 1927; x_wconf 91' lang='lat' dir='ltr'>id</span> <span class='ocrx_word' id='word_1_89' title='bbox 1874 1882 2113 1927; x_wconf 81' lang='lat' dir='ltr'>cavere</span> <span class='ocrx_word' id='word_1_90' title='bbox 2154 1861 2415 1927; x_wconf 83' lang='lat' dir='ltr'>studuit</span> <span class='ocrx_word' id='word_1_91' title='bbox 2435 1883 2522 1926; x_wconf 94' lang='lat' dir='ltr'>ne</span> <span class='ocrx_word' id='word_1_92' title='bbox 2540 1861 2699 1947; x_wconf 84' lang='lat' dir='ltr'>jura</span> <span class='ocrx_word' id='word_1_93' title='bbox 2721 1868 2791 1928; x_wconf 93' lang='lat' dir='ltr'>et</span> 
     </span>
     <span class='ocr_line' id='line_1_14' title="bbox 442 1968 2791 2059; baseline -0.001 -23"><span class='ocrx_word' id='word_1_94' title='bbox 442 1972 834 2059; x_wconf 81' lang='lat' dir='ltr'>privilegia</span> <span class='ocrx_word' id='word_1_95' title='bbox 860 1972 1402 2057; x_wconf 85' lang='lat' dir='ltr'>magistratuum,</span> <span class='ocrx_word' id='word_1_96' title='bbox 1465 1991 1719 2055; x_wconf 84' lang='lat' dir='ltr'>magna</span> <span class='ocrx_word' id='word_1_97' title='bbox 1764 1990 1919 2033; x_wconf 89' lang='lat' dir='ltr'>cum</span> <span class='ocrx_word' id='word_1_98' title='bbox 1962 1989 2123 2033; x_wconf 90' lang='lat' dir='ltr'>cura</span> <span class='ocrx_word' id='word_1_99' title='bbox 2170 1968 2254 2034; x_wconf 92' lang='lat' dir='ltr'>ab</span> <span class='ocrx_word' id='word_1_100' title='bbox 2302 1990 2379 2034; x_wconf 90' lang='lat' dir='ltr'>eo</span> <span class='ocrx_word' id='word_1_101' title='bbox 2427 1970 2791 2035; x_wconf 88' lang='lat' dir='ltr'>constituta</span> 
     </span>
     <span class='ocr_line' id='line_1_15' title="bbox 445 2075 2788 2171; baseline -0.001 -28"><span class='ocrx_word' id='word_1_102' title='bbox 445 2085 519 2143; x_wconf 88' lang='lat' dir='ltr'>et</span> <span class='ocrx_word' id='word_1_103' title='bbox 567 2078 1092 2165; x_wconf 88' lang='lat' dir='ltr'>circumscripta,</span> <span class='ocrx_word' id='word_1_104' title='bbox 1140 2099 1181 2141; x_wconf 88' lang='lat' dir='ltr'>a</span> <span class='ocrx_word' id='word_1_105' title='bbox 1204 2097 1546 2163; x_wconf 86' lang='lat' dir='ltr'>quoquam</span> <span class='ocrx_word' id='word_1_106' title='bbox 1569 2076 2044 2161; x_wconf 85' lang='lat' dir='ltr'>migrarentur,</span> <span class='ocrx_word' id='word_1_107' title='bbox 2068 2075 2402 2163; x_wconf 87' lang='lat' dir='ltr'>imprimis</span> <span class='ocrx_word' id='word_1_108' title='bbox 2425 2076 2499 2171; x_wconf 79' lang='lat' dir='ltr'>id</span> <span class='ocrx_word' id='word_1_109' title='bbox 2521 2078 2788 2142; x_wconf 86' lang='lat' dir='ltr'>curavit</span> 
     </span>
     <span class='ocr_line' id='line_1_16' title="bbox 443 2183 2793 2272; baseline -0 -23"><span class='ocrx_word' id='word_1_110' title='bbox 443 2192 529 2249; x_wconf 88' lang='lat' dir='ltr'>ut</span> <span class='ocrx_word' id='word_1_111' title='bbox 580 2190 891 2272; x_wconf 86' lang='lat' dir='ltr'>satrapae</span> <span class='ocrx_word' id='word_1_112' title='bbox 935 2205 1166 2249; x_wconf 87' lang='lat' dir='ltr'>severe</span> <span class='ocrx_word' id='word_1_113' title='bbox 1212 2183 1754 2263; x_wconf 84' lang='lat' dir='ltr'>custodirentur3</span> <span class='ocrx_word' id='word_1_114' title='bbox 1796 2204 2107 2247; x_wconf 86' lang='lat' dir='ltr'>severum</span> <span class='ocrx_word' id='word_1_115' title='bbox 2151 2183 2224 2246; x_wconf 91' lang='lat' dir='ltr'>in</span> <span class='ocrx_word' id='word_1_116' title='bbox 2263 2183 2540 2248; x_wconf 92' lang='lat' dir='ltr'>modum</span> <span class='ocrx_word' id='word_1_117' title='bbox 2560 2184 2793 2270; x_wconf 89' lang='lat' dir='ltr'>prohi-</span> 
     </span>
     <span class='ocr_line' id='line_1_17' title="bbox 445 2277 2792 2377; baseline -0 -21"><span class='ocrx_word' id='word_1_118' title='bbox 445 2291 607 2356; x_wconf 90' lang='lat' dir='ltr'>buit</span> <span class='ocrx_word' id='word_1_119' title='bbox 672 2292 1030 2377; x_wconf 90' lang='lat' dir='ltr'>quominus</span> <span class='ocrx_word' id='word_1_120' title='bbox 1103 2313 1244 2356; x_wconf 89' lang='lat' dir='ltr'>sese</span> <span class='ocrx_word' id='word_1_121' title='bbox 1285 2277 1627 2376; x_wconf 46' lang='lat' dir='ltr'>‘gererent</span> <span class='ocrx_word' id='word_1_122' title='bbox 1701 2296 2050 2374; x_wconf 89' lang='lat' dir='ltr'>tamquam</span> <span class='ocrx_word' id='word_1_123' title='bbox 2122 2289 2379 2354; x_wconf 89' lang='lat' dir='ltr'>domini</span> <span class='ocrx_word' id='word_1_124' title='bbox 2437 2291 2792 2375; x_wconf 88' lang='lat' dir='ltr'>regionum</span> 
     </span>
     <span class='ocr_line' id='line_1_18' title="bbox 446 2394 2792 2485; baseline -0 -22"><span class='ocrx_word' id='word_1_125' title='bbox 446 2398 701 2484; x_wconf 85' lang='lat' dir='ltr'>quibus</span> <span class='ocrx_word' id='word_1_126' title='bbox 746 2397 1115 2485; x_wconf 86' lang='lat' dir='ltr'>praepositi</span> <span class='ocrx_word' id='word_1_127' title='bbox 1165 2403 1428 2477; x_wconf 82' lang='lat' dir='ltr'>essent3</span> <span class='ocrx_word' id='word_1_128' title='bbox 1501 2417 1913 2482; x_wconf 90' lang='lat' dir='ltr'>quamquam</span> <span class='ocrx_word' id='word_1_129' title='bbox 1960 2394 2194 2461; x_wconf 88' lang='lat' dir='ltr'>crebra</span> <span class='ocrx_word' id='word_1_130' title='bbox 2242 2395 2553 2484; x_wconf 82' lang='lat' dir='ltr'>exempla</span> <span class='ocrx_word' id='word_1_131' title='bbox 2598 2398 2792 2462; x_wconf 92' lang='lat' dir='ltr'>nobis</span> 
     </span>
     <span class='ocr_line' id='line_1_19' title="bbox 443 2500 2791 2594; baseline -0 -24"><span class='ocrx_word' id='word_1_132' title='bbox 443 2512 725 2594; x_wconf 89' lang='lat' dir='ltr'>praesto</span> <span class='ocrx_word' id='word_1_133' title='bbox 771 2511 930 2570; x_wconf 93' lang='lat' dir='ltr'>sunt</span> <span class='ocrx_word' id='word_1_134' title='bbox 974 2505 1058 2569; x_wconf 92' lang='lat' dir='ltr'>de</span> <span class='ocrx_word' id='word_1_135' title='bbox 1098 2504 1386 2591; x_wconf 88' lang='lat' dir='ltr'>satrapis</span> <span class='ocrx_word' id='word_1_136' title='bbox 1434 2527 1474 2569; x_wconf 91' lang='lat' dir='ltr'>a</span> <span class='ocrx_word' id='word_1_137' title='bbox 1518 2525 1681 2589; x_wconf 84' lang='lat' dir='ltr'>rege</span> <span class='ocrx_word' id='word_1_138' title='bbox 1729 2502 2062 2589; x_wconf 84' lang='lat' dir='ltr'>dignitate</span> <span class='ocrx_word' id='word_1_139' title='bbox 2086 2524 2208 2567; x_wconf 91' lang='lat' dir='ltr'>sua</span> <span class='ocrx_word' id='word_1_140' title='bbox 2232 2500 2531 2588; x_wconf 87' lang='lat' dir='ltr'>dejectis,</span> <span class='ocrx_word' id='word_1_141' title='bbox 2560 2509 2791 2569; x_wconf 87' lang='lat' dir='ltr'>tamen</span> 
     </span>
     <span class='ocr_line' id='line_1_20' title="bbox 448 2611 1790 2700; baseline 0.001 -22"><span class='ocrx_word' id='word_1_142' title='bbox 448 2634 1038 2700; x_wconf 84' lang='lat' dir='ltr'>supervacaneum</span> <span class='ocrx_word' id='word_1_143' title='bbox 1084 2619 1186 2678; x_wconf 91' lang='lat' dir='ltr'>est</span> <span class='ocrx_word' id='word_1_144' title='bbox 1230 2611 1351 2678; x_wconf 90' lang='lat' dir='ltr'>illa</span> <span class='ocrx_word' id='word_1_145' title='bbox 1399 2632 1790 2680; x_wconf 88' lang='lat' dir='ltr'>memorare.</span> 
     </span>
    </p>

    <p class='ocr_par' dir='ltr' id='par_1_4' title="bbox 446 2720 2797 3554">
     <span class='ocr_line' id='line_1_21' title="bbox 547 2720 2790 2809; baseline 0 -23"><span class='ocrx_word' id='word_1_146' title='bbox 547 2720 727 2786; x_wconf 84' lang='lat' dir='ltr'>Cura</span> <span class='ocrx_word' id='word_1_147' title='bbox 785 2722 964 2806; x_wconf 85' lang='lat' dir='ltr'>regis</span> <span class='ocrx_word' id='word_1_148' title='bbox 1035 2727 1262 2786; x_wconf 88' lang='lat' dir='ltr'>autem</span> <span class='ocrx_word' id='word_1_149' title='bbox 1308 2721 1396 2785; x_wconf 86' lang='lat' dir='ltr'>ad</span> <span class='ocrx_word' id='word_1_150' title='bbox 1436 2741 1633 2785; x_wconf 91' lang='lat' dir='ltr'>omne</span> <span class='ocrx_word' id='word_1_151' title='bbox 1679 2742 1894 2807; x_wconf 88' lang='lat' dir='ltr'>genus</span> <span class='ocrx_word' id='word_1_152' title='bbox 1941 2741 2167 2786; x_wconf 91' lang='lat' dir='ltr'>rerum</span> <span class='ocrx_word' id='word_1_153' title='bbox 2211 2722 2561 2809; x_wconf 88' lang='lat' dir='ltr'>pertinuit,</span> <span class='ocrx_word' id='word_1_154' title='bbox 2610 2724 2790 2808; x_wconf 89' lang='lat' dir='ltr'>quod</span> 
     </span>
     <span class='ocr_line' id='line_1_22' title="bbox 448 2825 2794 2916; baseline 0.001 -24"><span class='ocrx_word' id='word_1_155' title='bbox 448 2849 786 2916; x_wconf 87' lang='lat' dir='ltr'>apparere</span> <span class='ocrx_word' id='word_1_156' title='bbox 830 2834 1055 2915; x_wconf 90' lang='lat' dir='ltr'>potest</span> <span class='ocrx_word' id='word_1_157' title='bbox 1100 2850 1182 2893; x_wconf 85' lang='lat' dir='ltr'>ex</span> <span class='ocrx_word' id='word_1_158' title='bbox 1228 2827 1354 2893; x_wconf 93' lang='lat' dir='ltr'>hoc</span> <span class='ocrx_word' id='word_1_159' title='bbox 1393 2827 1722 2914; x_wconf 83' lang='lat' dir='ltr'>exemplo.</span> <span class='ocrx_word' id='word_1_160' title='bbox 1770 2828 2130 2893; x_wconf 87' lang='lat' dir='ltr'>Peucestas</span> <span class='ocrx_word' id='word_1_161' title='bbox 2155 2825 2475 2915; x_wconf 85' lang='lat' dir='ltr'>Satrapes</span> <span class='ocrx_word' id='word_1_162' title='bbox 2498 2830 2794 2895; x_wconf 90' lang='lat' dir='ltr'>Persidis</span> 
     </span>
     <span class='ocr_line' id='line_1_23' title="bbox 446 2933 2793 3020; baseline 0 -20"><span class='ocrx_word' id='word_1_163' title='bbox 446 2936 525 3000; x_wconf 92' lang='lat' dir='ltr'>id</span> <span class='ocrx_word' id='word_1_164' title='bbox 600 2935 860 3000; x_wconf 87' lang='lat' dir='ltr'>studuit</span> <span class='ocrx_word' id='word_1_165' title='bbox 919 2942 998 3000; x_wconf 91' lang='lat' dir='ltr'>ut</span> <span class='ocrx_word' id='word_1_166' title='bbox 1043 2933 1348 3000; x_wconf 86' lang='lat' dir='ltr'>favorem</span> <span class='ocrx_word' id='word_1_167' title='bbox 1418 2933 1874 3020; x_wconf 86' lang='lat' dir='ltr'>subjectorum</span> <span class='ocrx_word' id='word_1_168' title='bbox 1931 2934 2059 3000; x_wconf 90' lang='lat' dir='ltr'>sibi</span> <span class='ocrx_word' id='word_1_169' title='bbox 2104 2934 2512 3017; x_wconf 87' lang='lat' dir='ltr'>conciliaret,</span> <span class='ocrx_word' id='word_1_170' title='bbox 2560 2957 2629 3001; x_wconf 94' lang='lat' dir='ltr'>se</span> <span class='ocrx_word' id='word_1_171' title='bbox 2677 2937 2793 3000; x_wconf 90' lang='lat' dir='ltr'>ad-</span> 
     </span>
     <span class='ocr_line' id='line_1_24' title="bbox 449 3041 2796 3130; baseline -0.001 -21"><span class='ocrx_word' id='word_1_172' title='bbox 449 3043 759 3130; x_wconf 87' lang='lat' dir='ltr'>aptando</span> <span class='ocrx_word' id='word_1_173' title='bbox 808 3043 894 3107; x_wconf 90' lang='lat' dir='ltr'>ad</span> <span class='ocrx_word' id='word_1_174' title='bbox 920 3063 1151 3107; x_wconf 90' lang='lat' dir='ltr'>eorum</span> <span class='ocrx_word' id='word_1_175' title='bbox 1198 3063 1435 3124; x_wconf 90' lang='lat' dir='ltr'>mores,</span> <span class='ocrx_word' id='word_1_176' title='bbox 1484 3043 1626 3108; x_wconf 86' lang='lat' dir='ltr'>sive</span> <span class='ocrx_word' id='word_1_177' title='bbox 1651 3043 1960 3107; x_wconf 90' lang='lat' dir='ltr'>conando</span> <span class='ocrx_word' id='word_1_178' title='bbox 1987 3064 2216 3108; x_wconf 85' lang='lat' dir='ltr'>eorum</span> <span class='ocrx_word' id='word_1_179' title='bbox 2240 3041 2480 3128; x_wconf 86' lang='lat' dir='ltr'>lingua</span> <span class='ocrx_word' id='word_1_180' title='bbox 2500 3045 2622 3126; x_wconf 84' lang='lat' dir='ltr'>uti,</span> <span class='ocrx_word' id='word_1_181' title='bbox 2651 3044 2796 3109; x_wconf 84' lang='lat' dir='ltr'>sive</span> 
     </span>
     <span class='ocr_line' id='line_1_25' title="bbox 448 3149 2793 3270; baseline 0 -55"><span class='ocrx_word' id='word_1_182' title='bbox 448 3151 527 3215; x_wconf 91' lang='lat' dir='ltr'>in</span> <span class='ocrx_word' id='word_1_183' title='bbox 610 3149 959 3237; x_wconf 89' lang='lat' dir='ltr'>publicum</span> <span class='ocrx_word' id='word_1_184' title='bbox 1017 3149 1414 3236; x_wconf 89' lang='lat' dir='ltr'>prodeundo</span> <span class='ocrx_word' id='word_1_185' title='bbox 1460 3149 1731 3215; x_wconf 91' lang='lat' dir='ltr'>Persico</span> <span class='ocrx_word' id='word_1_186' title='bbox 1778 3171 1964 3215; x_wconf 90' lang='lat' dir='ltr'>more</span> <span class='ocrx_word' id='word_1_187' title='bbox 2007 3149 2334 3233; x_wconf 82' lang='lat' dir='ltr'>vestitus3</span> <span class='ocrx_word' id='word_1_188' title='bbox 2385 3150 2563 3234; x_wconf 88' lang='lat' dir='ltr'>quod</span> <span class='ocrx_word' id='word_1_189' title='bbox 2610 3157 2793 3270; x_wconf 88' lang='lat' dir='ltr'>post·</span> 
     </span>
     <span class='ocr_line' id='line_1_26' title="bbox 446 3255 2797 3343; baseline -0 -21"><span class='ocrx_word' id='word_1_190' title='bbox 446 3278 721 3322; x_wconf 89' lang='lat' dir='ltr'>remum</span> <span class='ocrx_word' id='word_1_191' title='bbox 788 3262 1015 3321; x_wconf 86' lang='lat' dir='ltr'>autem</span> <span class='ocrx_word' id='word_1_192' title='bbox 1083 3256 1146 3320; x_wconf 92' lang='lat' dir='ltr'>ei</span> <span class='ocrx_word' id='word_1_193' title='bbox 1211 3255 1436 3321; x_wconf 84' lang='lat' dir='ltr'>facere</span> <span class='ocrx_word' id='word_1_194' title='bbox 1482 3278 1619 3322; x_wconf 92' lang='lat' dir='ltr'>non</span> <span class='ocrx_word' id='word_1_195' title='bbox 1680 3256 1891 3340; x_wconf 86' lang='lat' dir='ltr'>licuit,</span> <span class='ocrx_word' id='word_1_196' title='bbox 1939 3257 2071 3321; x_wconf 90' lang='lat' dir='ltr'>nisi</span> <span class='ocrx_word' id='word_1_197' title='bbox 2108 3257 2438 3343; x_wconf 90' lang='lat' dir='ltr'>permissu</span> <span class='ocrx_word' id='word_1_198' title='bbox 2481 3256 2681 3343; x_wconf 81' lang='lat' dir='ltr'>regiS,</span> <span class='ocrx_word' id='word_1_199' title='bbox 2727 3264 2797 3322; x_wconf 93' lang='lat' dir='ltr'>et</span> 
     </span>
     <span class='ocr_line' id='line_1_27' title="bbox 447 3361 2794 3450; baseline 0 -21"><span class='ocrx_word' id='word_1_200' title='bbox 447 3364 698 3429; x_wconf 87' lang='lat' dir='ltr'>unicus</span> <span class='ocrx_word' id='word_1_201' title='bbox 763 3362 1040 3450; x_wconf 88' lang='lat' dir='ltr'>quidem</span> <span class='ocrx_word' id='word_1_202' title='bbox 1105 3361 1240 3427; x_wconf 81' lang='lat' dir='ltr'>fuit</span> <span class='ocrx_word' id='word_1_203' title='bbox 1305 3362 1608 3447; x_wconf 83' lang='lat' dir='ltr'>MacedO,</span> <span class='ocrx_word' id='word_1_204' title='bbox 1674 3364 1782 3428; x_wconf 92' lang='lat' dir='ltr'>cui</span> <span class='ocrx_word' id='word_1_205' title='bbox 1829 3363 1966 3429; x_wconf 87' lang='lat' dir='ltr'>tale</span> <span class='ocrx_word' id='word_1_206' title='bbox 2035 3363 2201 3450; x_wconf 90' lang='lat' dir='ltr'>quid</span> <span class='ocrx_word' id='word_1_207' title='bbox 2240 3386 2281 3428; x_wconf 90' lang='lat' dir='ltr'>a</span> <span class='ocrx_word' id='word_1_208' title='bbox 2323 3385 2482 3450; x_wconf 86' lang='lat' dir='ltr'>rege</span> <span class='ocrx_word' id='word_1_209' title='bbox 2529 3385 2794 3429; x_wconf 88' lang='lat' dir='ltr'>conces—</span> 
     </span>
     <span class='ocr_line' id='line_1_28' title="bbox 450 3470 841 3554; baseline -0.008 -17"><span class='ocrx_word' id='word_1_210' title='bbox 450 3492 611 3537; x_wconf 92' lang='lat' dir='ltr'>sum</span> <span class='ocrx_word' id='word_1_211' title='bbox 656 3470 744 3535; x_wconf 91' lang='lat' dir='ltr'>sit</span> <span class='ocrx_word' id='word_1_212' title='bbox 768 3471 841 3554; x_wconf 83' lang='lat'>2).</span> 
     </span>
    </p>

    <p class='ocr_par' dir='ltr' id='par_1_5' title="bbox 449 3578 2798 4201">
     <span class='ocr_line' id='line_1_29' title="bbox 546 3578 2794 3666; baseline 0.001 -24"><span class='ocrx_word' id='word_1_213' title='bbox 546 3579 888 3665; x_wconf 89' lang='lat' dir='ltr'>Imprimis</span> <span class='ocrx_word' id='word_1_214' title='bbox 957 3579 1227 3644; x_wconf 88' lang='lat' dir='ltr'>decreta</span> <span class='ocrx_word' id='word_1_215' title='bbox 1285 3578 1657 3643; x_wconf 82' lang='lat' dir='ltr'>Alexandri</span> <span class='ocrx_word' id='word_1_216' title='bbox 1703 3585 1858 3666; x_wconf 91' lang='lat' dir='ltr'>post</span> <span class='ocrx_word' id='word_1_217' title='bbox 1901 3578 2196 3642; x_wconf 89' lang='lat' dir='ltr'>reditum</span> <span class='ocrx_word' id='word_1_218' title='bbox 2243 3600 2325 3643; x_wconf 83' lang='lat' dir='ltr'>ex</span> <span class='ocrx_word' id='word_1_219' title='bbox 2369 3578 2570 3643; x_wconf 85' lang='lat' dir='ltr'>India</span> <span class='ocrx_word' id='word_1_220' title='bbox 2617 3599 2794 3645; x_wconf 92' lang='lat' dir='ltr'>anno</span> 
     </span>
     <span class='ocr_line' id='line_1_30' title="bbox 451 3683 2795 3770; baseline -0.001 -17"><span class='ocrx_word' id='word_1_221' title='bbox 451 3686 596 3753; x_wconf 79' lang='lat'>324</span> <span class='ocrx_word' id='word_1_222' title='bbox 661 3683 862 3770; x_wconf 88' lang='lat' dir='ltr'>facta,</span> <span class='ocrx_word' id='word_1_223' title='bbox 936 3686 1401 3750; x_wconf 87' lang='lat' dir='ltr'>demonstrant</span> <span class='ocrx_word' id='word_1_224' title='bbox 1462 3707 1617 3750; x_wconf 91' lang='lat' dir='ltr'>eum</span> <span class='ocrx_word' id='word_1_225' title='bbox 1685 3692 1826 3750; x_wconf 90' lang='lat' dir='ltr'>tam</span> <span class='ocrx_word' id='word_1_226' title='bbox 1886 3684 1960 3749; x_wconf 92' lang='lat' dir='ltr'>in</span> <span class='ocrx_word' id='word_1_227' title='bbox 2029 3687 2254 3751; x_wconf 89' lang='lat' dir='ltr'>animo</span> <span class='ocrx_word' id='word_1_228' title='bbox 2313 3684 2648 3769; x_wconf 90' lang='lat' dir='ltr'>habuisse,</span> <span class='ocrx_word' id='word_1_229' title='bbox 2719 3693 2795 3750; x_wconf 87' lang='lat' dir='ltr'>ut</span> 
     </span>
     <span class='ocr_line' id='line_1_31' title="bbox 449 3790 2798 3880; baseline 0 -22"><span class='ocrx_word' id='word_1_230' title='bbox 449 3793 822 3880; x_wconf 86' lang='lat' dir='ltr'>imperium</span> <span class='ocrx_word' id='word_1_231' title='bbox 866 3815 1062 3858; x_wconf 87' lang='lat' dir='ltr'>suum</span> <span class='ocrx_word' id='word_1_232' title='bbox 1104 3814 1491 3879; x_wconf 90' lang='lat' dir='ltr'>supremum</span> <span class='ocrx_word' id='word_1_233' title='bbox 1530 3793 1907 3875; x_wconf 72' lang='lat' dir='ltr'>sustineret,</span> <span class='ocrx_word' id='word_1_234' title='bbox 1957 3814 2163 3878; x_wconf 91' lang='lat' dir='ltr'>quam</span> <span class='ocrx_word' id='word_1_235' title='bbox 2209 3814 2363 3857; x_wconf 90' lang='lat' dir='ltr'>eum</span> <span class='ocrx_word' id='word_1_236' title='bbox 2401 3790 2628 3876; x_wconf 80' lang='lat' dir='ltr'>fuisse,</span> <span class='ocrx_word' id='word_1_237' title='bbox 2680 3795 2798 3880; x_wconf 91' lang='lat' dir='ltr'>qui</span> 
     </span>
     <span class='ocr_line' id='line_1_32' title="bbox 449 3899 2796 3985; baseline -0 -19"><span class='ocrx_word' id='word_1_238' title='bbox 449 3921 701 3966; x_wconf 87' lang='lat' dir='ltr'>revera</span> <span class='ocrx_word' id='word_1_239' title='bbox 746 3900 1215 3965; x_wconf 90' lang='lat' dir='ltr'>auctoritatem</span> <span class='ocrx_word' id='word_1_240' title='bbox 1255 3921 1448 3964; x_wconf 90' lang='lat' dir='ltr'>suam</span> <span class='ocrx_word' id='word_1_241' title='bbox 1494 3905 1920 3965; x_wconf 86' lang='lat' dir='ltr'>sustentaret.</span> <span class='ocrx_word' id='word_1_242' title='bbox 1969 3899 2119 3964; x_wconf 85' lang='lat' dir='ltr'>Hac</span> <span class='ocrx_word' id='word_1_243' title='bbox 2153 3921 2423 3985; x_wconf 88' lang='lat' dir='ltr'>quoque</span> <span class='ocrx_word' id='word_1_244' title='bbox 2448 3900 2796 3965; x_wconf 88' lang='lat' dir='ltr'>occasione</span> 
     </span>
     <span class='ocr_line' id='line_1_33' title="bbox 455 4006 2795 4095; baseline -0 -23"><span class='ocrx_word' id='word_1_245' title='bbox 455 4013 696 4095; x_wconf 87' lang='lat' dir='ltr'>aperte</span> <span class='ocrx_word' id='word_1_246' title='bbox 744 4008 1031 4094; x_wconf 86' lang='lat' dir='ltr'>satrapis</span> <span class='ocrx_word' id='word_1_247' title='bbox 1078 4006 1515 4071; x_wconf 84' lang='lat' dir='ltr'>interdictum</span> <span class='ocrx_word' id='word_1_248' title='bbox 1559 4012 1681 4090; x_wconf 87' lang='lat' dir='ltr'>est,</span> <span class='ocrx_word' id='word_1_249' title='bbox 1729 4029 1817 4072; x_wconf 90' lang='lat' dir='ltr'>ne</span> <span class='ocrx_word' id='word_1_250' title='bbox 1852 4007 2344 4073; x_wconf 88' lang='lat' dir='ltr'>mercennarios</span> <span class='ocrx_word' id='word_1_251' title='bbox 2367 4007 2615 4072; x_wconf 89' lang='lat' dir='ltr'>milites</span> <span class='ocrx_word' id='word_1_252' title='bbox 2640 4028 2795 4073; x_wconf 88' lang='lat' dir='ltr'>con-</span> 
     </span>
     <span class='ocr_line' id='line_1_34' title="bbox 455 4097 2797 4201; baseline -0.001 -21"><span class='ocrx_word' id='word_1_253' title='bbox 455 4115 807 4197; x_wconf 81' lang='lat' dir='ltr'>ducerent,</span> <span class='ocrx_word' id='word_1_254' title='bbox 853 4114 1070 4200; x_wconf 87' lang='lat' dir='ltr'>iisque</span> <span class='ocrx_word' id='word_1_255' title='bbox 1114 4120 1552 4201; x_wconf 88' lang='lat' dir='ltr'>praeceptum</span> <span class='ocrx_word' id='word_1_256' title='bbox 1599 4119 1719 4198; x_wconf 89' lang='lat' dir='ltr'>est,</span> <span class='ocrx_word' id='word_1_257' title='bbox 1768 4118 1844 4179; x_wconf 89' lang='lat' dir='ltr'>ut</span> <span class='ocrx_word' id='word_1_258' title='bbox 1890 4097 2309 4179; x_wconf 71' lang='lat' dir='ltr'>dimitterent</span> <span class='ocrx_word' id='word_1_259' title='bbox 2352 4114 2504 4180; x_wconf 88' lang='lat' dir='ltr'>illos</span> <span class='ocrx_word' id='word_1_260' title='bbox 2526 4114 2797 4199; x_wconf 90' lang='lat' dir='ltr'>milites,</span> 
     </span>
    </p>
   </div>
   <div class='ocr_carea' id='block_1_3' title="bbox 454 4258 886 4269">
    <p class='ocr_par' dir='ltr' id='par_1_6' title="bbox 454 4258 886 4269">
     <span class='ocr_line' id='line_1_35' title="bbox 454 4258 886 4269; baseline 0 1081"><span class='ocrx_word' id='word_1_261' title='bbox 454 4258 886 4269; x_wconf 95' lang='lat' dir='ltr'> </span> 
     </span>
    </p>
   </div>
   <div class='ocr_carea' id='block_1_4' title="bbox 512 4344 1443 4503">
    <p class='ocr_par' dir='ltr' id='par_1_7' title="bbox 512 4344 1443 4503">
     <span class='ocr_line' id='line_1_36' title="bbox 512 4344 1136 4412; baseline 0.002 -15"><span class='ocrx_word' id='word_1_262' title='bbox 512 4345 568 4412; x_wconf 86' lang='lat'>1&gt;</span> <span class='ocrx_word' id='word_1_263' title='bbox 606 4344 763 4399; x_wconf 78' lang='lat' dir='ltr'>Diod.</span> <span class='ocrx_word' id='word_1_264' title='bbox 805 4346 887 4399; x_wconf 83' lang='lat'>17.</span> <span class='ocrx_word' id='word_1_265' title='bbox 927 4345 1046 4401; x_wconf 90' lang='lat'>108.</span> <span class='ocrx_word' id='word_1_266' title='bbox 1087 4347 1136 4399; x_wconf 89' lang='lat'>4.</span> 
     </span>
     <span class='ocr_line' id='line_1_37' title="bbox 514 4434 1443 4503; baseline 0.002 -16"><span class='ocrx_word' id='word_1_267' title='bbox 514 4436 567 4503; x_wconf 85' lang='lat'>2)</span> <span class='ocrx_word' id='word_1_268' title='bbox 604 4434 763 4488; x_wconf 76' lang='lat' dir='ltr'>Diod.</span> <span class='ocrx_word' id='word_1_269' title='bbox 803 4435 886 4489; x_wconf 86' lang='lat'>19.</span> <span class='ocrx_word' id='word_1_270' title='bbox 926 4435 1009 4488; x_wconf 90' lang='lat'>14.</span> <span class='ocrx_word' id='word_1_271' title='bbox 1048 4434 1109 4500; x_wconf 76' lang='lat'>53</span> <span class='ocrx_word' id='word_1_272' title='bbox 1149 4435 1230 4489; x_wconf 84' lang='lat'>19.</span> <span class='ocrx_word' id='word_1_273' title='bbox 1271 4435 1355 4488; x_wconf 76' lang='lat'>23.</span> <span class='ocrx_word' id='word_1_274' title='bbox 1396 4436 1443 4489; x_wconf 94' lang='lat'>1.</span> 
     </span>
    </p>
   </div>
  </div>
 </body>
</html>
