3338 5350
1661 518 1786 582 182

553 737 755 779 causa
822 736 941 778 cur
1007 711 1404 800 Brachylles
1490 719 1632 778 tam
1680 713 1887 779 breve
1931 720 2200 800 tempus
2270 713 2470 778 rebus
2539 712 2879 778 Lacedae-

553 843 752 886 mone
796 819 1184 908 praefuerit.
1247 819 1566 885 Messenii
1628 822 1836 886 etiam
1877 828 2116 908 postea
2161 843 2203 886 a
2247 820 2564 906 synedrio
2611 820 2884 885 admissi

552 934 711 992 sunt
753 922 825 1010 ¹).

641 1032 717 1099 Si
755 1034 933 1099 inter
978 1034 1188 1100 socios
1235 1034 1775 1120 dissentiebatur‚
1816 1035 2193 1121 jurisdictio
2237 1057 2445 1122 penes
2493 1035 2883 1120 synedrium

552 1139 683 1205 fuit
704 1140 793 1225 2);
878 1141 1238 1226 quotannis
1307 1143 1467 1207 socii
1532 1142 1713 1207 inter
1776 1164 1848 1208 se
1930 1140 2410 1228 jusjurandum
2489 1141 2750 1207 dabant
2813 1147 2880 1206 et

555 1247 921 1331 exigebant
941 1238 1027 1329 ³);
1099 1248 1218 1313 sed
1286 1246 1550 1333 legibus
1620 1255 1896 1314 cautum
1965 1255 2110 1314 erat
2175 1269 2261 1313 ne
2331 1248 2513 1334 quod
2561 1248 2882 1313 adversus

554 1356 942 1419 societatem
1009 1362 1185 1419 esset
1254 1357 1372 1420 aut
1437 1354 1690 1421 referre
1757 1356 2262 1442 magistratibus
2331 1355 2614 1441 alicujus
2676 1355 2878 1438 urbiS,

552 1467 669 1526 aut
717 1461 1075 1526 decernere
1119 1461 1401 1527 concilio
1439 1461 1552 1547 jus
1599 1469 1775 1527 esset
1795 1462 1865 1543 4).

638 1568 800 1657 Ipsa
843 1570 1122 1634 societas
1170 1570 1556 1635 autonomia
1596 1571 1927 1635 sociorum
1988 1571 2331 1636 nitebatur
2355 1570 2437 1651 5);
2499 1570 2612 1635 vel
2656 1569 2882 1657 potius

549 1677 858 1741 instituta
925 1682 1004 1741 ut
1070 1675 1399 1758 vigebant
1458 1677 1530 1740 in
1599 1677 1881 1741 diversis
1948 1677 2340 1742 civitatibus
2399 1698 2539 1741 non
2579 1683 2881 1741 mutatae

550 1788 708 1848 sunt
727 1783 795 1863 6).
891 1782 1005 1848 Sic
1073 1782 1374 1849 Thessali
1431 1782 1566 1848 suis
1625 1782 1890 1868 legibus
1936 1785 2035 1848 uti
2082 1790 2523 1871 perrexerunt
2546 1783 2597 1868 ⁷)
2644 1783 2882 1849 eodem

550 1890 751 1955 modo
820 1910 955 1976 quo
1024 1896 1227 1954 antea
1284 1890 1409 1954 sub
1454 1888 1819 1976 praefectis
1880 1891 2083 1976 regiis
2128 1890 2311 1955 haud
2360 1891 2494 1955 scio
2543 1912 2631 1955 an
2676 1890 2882 1954 etiam

549 2018 730 2061 nunc
773 1996 1154 2060 tetrarchae
1203 1997 1534 2062 nominati
1574 1998 1743 2078 sint3
1787 1998 2075 2063 eandem
2121 1998 2207 2062 ob
2254 2018 2530 2062 causam
2575 1994 2877 2063 Thessali

548 2125 588 2167 a
633 2101 919 2187 Polybio
983 2103 1046 2167 4.
1094 2104 1156 2167 9.
1202 2102 1248 2166 4
1313 2104 1491 2167 inter
1550 2104 1762 2168 socios
1815 2109 2260 2168 numerantur
2304 2103 2601 2189 quidem,
2650 2108 2881 2166 tamen

548 2207 679 2273 alio
723 2208 867 2274 loco
912 2210 972 2274 4.
1006 2209 1110 2274 15.
1139 2209 1173 2272 1
1224 2208 1341 2274 ubi
1388 2210 1473 2275 de
1515 2209 1759 2296 legatis
1806 2211 1894 2275 ad
1937 2208 2230 2296 reliquos
2276 2211 2486 2275 socios
2532 2208 2882 2274 mittendis

550 2337 766 2404 sermo
834 2323 955 2400 est,
1024 2314 1328 2380 Thessali
1393 2318 1816 2399 omittuntur,
1877 2319 2197 2382 nimirum
2240 2318 2562 2403 quoniam
2608 2338 2650 2381 a
2693 2337 2882 2403 prae·

548 2421 740 2487 fectis
786 2422 989 2508 regiis
1031 2423 1589 2509 gubernabantur
1609 2424 1679 2506 ⁸).
1726 2425 1957 2489 Etiam
2002 2430 2195 2512 patet
2238 2445 2352 2489 eos
2396 2424 2635 2489 eodem
2680 2422 2881 2488 modo

548 2550 680 2614 quo
742 2529 890 2615 jam
954 2529 1079 2594 sub
1142 2529 1461 2618 Philippo
1522 2536 1590 2595 et
1653 2529 2046 2596 Alexandro
2101 2531 2440 2618 stipendia
2485 2528 2711 2594 facere
2756 2529 2880 2594 sub

548 2635 830 2702 ducibus
892 2636 1361 2720 MacedoniciS,
1432 2659 1570 2703 non
1637 2637 1819 2702 enim
1886 2643 2368 2704 enumerantur
2425 2638 2603 2702 inter
2671 2638 2880 2703 socios

545 2742 875 2830 Antigoni
959 2743 1032 2807 in
1114 2765 1351 2831 pugna
1433 2744 1613 2831 apud
1681 2744 2058 2827 Sellasiam,
2120 2742 2424 2832 profecto
2491 2743 2677 2830 quod
2743 2765 2881 2809 non

547 2873 588 2915 a
650 2852 785 2915 suis
845 2850 1269 2936 praetoribus
1316 2851 1740 2916 ducebantur
1760 2849 1832 2937 ⁹).
1919 2850 2049 2917 Vel
2091 2852 2166 2916 in
2208 2851 2487 2916 urbibus
2532 2851 2604 2916 vi
2650 2852 2881 2917 armis-

549 2980 680 3044 que
749 2958 984 3044 captiS,
1052 2962 1131 3022 ut
1202 2957 1510 3044 Spartae,
1577 2959 1802 3045 prisca
1867 2959 2177 3023 instituta
2268 2958 2529 3023 civibus
2612 2957 2881 3022 reddita

543 3072 704 3129 sunt
727 3064 825 3150 1⁰),
894 3086 1116 3151 neque
1186 3065 1319 3131 alio
1388 3067 1588 3132 modo
1655 3087 1776 3131 rex
1841 3088 1985 3132 sese
2029 3066 2240 3151 gessit
2283 3065 2566 3152 Tegeae.
2617 3064 2878 3131 Nihilo-

592 3405 638 3475 1)
674 3406 866 3473 Polyb.
903 3407 954 3460 4.
991 3407 1078 3461 34.
1115 3408 1176 3475 13
1213 3408 1263 3461 4.
1307 3407 1391 3462 15.
1430 3409 1491 3472 23
1529 3408 1578 3461 4.
1620 3408 1704 3460 16.
1744 3408 1791 3460 1.

593 3504 641 3573 2)
677 3505 867 3576 Polyb.
906 3506 957 3558 4.
999 3506 1085 3558 24.
1123 3505 1173 3560 ὃ.

595 3603 641 3668 3)
681 3603 871 3668 Polyb.
909 3603 961 3654 4.
999 3603 1085 3656 24.
1121 3602 1171 3656 8.
1208 3603 1321 3658 Liv.
1360 3604 1445 3657 32.
1485 3604 1533 3657 5.
1572 3605 1621 3657 4.
1684 3605 1904 3672 „itaque
1960 3607 2016 3658 et
2053 3603 2109 3657 in
2157 3604 2423 3673 Achajam
2458 3603 2675 3672 legatos
2716 3603 2879 3666 misit,

551 3691 746 3759 „simul
782 3691 879 3757 qui
914 3691 1463 3760 jusjurandum—ita
1499 3693 1644 3746 enim
1664 3693 2001 3762 pepigerant,
2024 3692 2319 3759 quotannis
2334 3691 2621 3760 juraturos
2637 3691 2694 3745 in
2712 3691 2880 3746 verba

546 3777 1221 3850 „Philippi—exigerent.”

590 3875 640 3938 4)
673 3877 787 3931 Liv.
826 3877 912 3931 32.
950 3877 1035 3930 22.
1072 3877 1125 3931 3.

587 3973 637 4038 5)
674 3974 865 4045 Polyb.
902 3975 953 4028 4.
992 3975 1075 4028 24.
1115 3975 1172 4028 4.

587 4071 636 4137 6)
674 4073 741 4126 cf.
778 4073 969 4143 Polyb.
1008 4073 1057 4126 5.
1095 4072 1180 4126 28.
1218 4073 1268 4125 6.
1307 4073 1376 4127 de
1408 4074 1789 4141 jurisdictione
1828 4075 2236 4130 Thebanorum.

589 4169 636 4236 7)
672 4170 864 4240 Polyb.
904 4171 955 4223 4.
997 4172 1080 4225 76.
1123 4171 1172 4224 2.

588 4268 638 4332 8)
677 4269 808 4323 ibid.

589 4365 641 4431 9)
677 4367 745 4421 cf.
782 4367 1032 4433 Droysen
1066 4367 1117 4421 3.
1154 4368 1204 4421 2.
1244 4367 1346 4421 146
1388 4384 1513 4422 ann.
1552 4368 1601 4421 2.
1641 4370 1738 4435 qui
1772 4386 1893 4423 rem
1930 4368 2039 4424 alio
2078 4369 2244 4424 modo
2284 4368 2538 4437 explicat.

564 4463 637 4532 1ο)
674 4465 867 4536 Polyb.
906 4467 953 4519 2.
995 4465 1078 4517 70.-
1120 4466 1167 4519 1.
1205 4466 1397 4537 Polyb.
1435 4466 1484 4518 4.
1524 4466 1608 4529 24,
1649 4466 1708 4529 73
1745 4467 1795 4520 4.
1833 4466 1919 4520 34.
1957 4466 2024 4531 93
2063 4465 2113 4519 5.
2151 4466 2201 4520 9.
2239 4467 2293 4520 8.
