3338 5350
1617 518 1745 582 170

593 708 755 776 Sine
817 711 1024 776 dubio
1083 711 1158 776 hi
1203 714 1463 777 nummi
1512 714 1584 778 in
1629 714 1907 801 Europa
1952 715 2203 801 signati
2250 720 2426 798 sunt,
2476 715 2659 799 iique
2704 736 2843 779 non

504 817 723 882 solum
768 817 837 882 in
886 818 1195 901 Thracia,
1254 820 1372 884 sed
1419 821 1626 885 etiam
1675 821 1746 884 in
1792 821 2210 905 Macedonia,
2260 821 2625 905 Thessalia,
2675 826 2743 886 et
2788 821 2847 885 si

503 924 715 1010 signis
783 924 990 990 fidem
1056 925 1309 991 habere
1374 926 1552 1009 licet,
1624 928 1735 993 vel
1799 928 1872 991 in
1917 928 2066 1014 ipsa
2112 926 2401 1011 Aetolia,
2452 927 2658 1013 idque
2705 949 2845 992 non

504 1030 637 1096 alio
697 1037 1002 1119 tempore
1063 1032 1194 1096 nisi
1253 1033 1435 1098 intra
1489 1056 1701 1099 annos
1747 1034 2102 1099 281—278
2129 1034 2203 1110 1).
2250 1034 2387 1098 Res
2437 1039 2663 1098 autem
2709 1033 2844 1098 illis

503 1137 921 1225 temporibus
966 1145 1198 1224 gestae
1246 1139 1568 1205 obscurae
1609 1147 1680 1205 et
1717 1140 2073 1206 intricatae
2099 1147 2272 1206 sunt.
2322 1140 2580 1205 Tamen
2604 1142 2843 1206 viden-

505 1244 668 1309 dum
715 1250 817 1309 est
861 1245 1192 1332 quidnam
1239 1247 1323 1312 de
1371 1246 1498 1312 hac
1541 1269 1615 1312 re
1661 1270 1812 1313 esse
1857 1248 2175 1335 potuerit.

594 1349 939 1417 Ceraunus
979 1358 1135 1439 post
1177 1375 1417 1440 pacem
1464 1354 1626 1418 anni
1663 1355 1792 1420 281
1821 1376 1977 1421 cum
1998 1355 2390 1419 Ptolemaeo
2414 1361 2481 1419 et
2506 1353 2846 1419 Antiocho

503 1457 573 1523 in
643 1479 812 1552 pace
857 1457 1190 1547 degebat,
1260 1459 1592 1547 Antigoni
1660 1463 1840 1526 vires
1911 1462 2103 1527 clade
2171 1461 2514 1526 maritima
2584 1460 2843 1526 fractae

506 1572 716 1632 erant.
786 1566 969 1632 Dum
1043 1567 1154 1633 hic
1222 1589 1366 1633 sese
1432 1567 1649 1633 reficit
1708 1591 1749 1633 a
1812 1569 2061 1634 damno
2123 1575 2421 1655 accept0,
2470 1566 2848 1633 Antiochus

505 1680 871 1762 occupatus
917 1680 1021 1739 est
1063 1673 1266 1739 rebus
1311 1673 1536 1757 Asiae,
1581 1675 1729 1761 ipse
1774 1681 2040 1763 pugnat
2083 1675 2157 1739 in
2202 1672 2588 1760 Coelesyria
2612 1680 2850 1740 contra
2946 1667 2953 1673 ’

502 1781 991 1864 Ptolemaeum,
1061 1781 1414 1848 Patroclus
1485 1788 1763 1869 praetor
1831 1780 1888 1868 ej
1897 1804 1974 1847 us
2044 1782 2282 1847 eodem
2342 1787 2648 1869 tempore
2692 1803 2850 1868 pro·

500 1888 776 1975 fligatus
839 1895 942 1954 est
1002 1911 1043 1955 a
1100 1889 1470 1954 Nicomede
1528 1888 1900 1974 Bithyniae
1960 1911 2119 1975 rege
2146 1890 2218 1972 2),
2278 1910 2612 1976 ponamus
2667 1909 2850 1952 anno

502 1995 654 2062 280.
720 1995 1125 2061 Nicomedes
1173 1996 1403 2062 statim
1448 2002 1604 2084 post
1648 1996 2006 2061 victoriam
2054 1995 2446 2061 societatem
2494 1995 2649 2059 iniit
2695 2016 2852 2059 cum

503 2102 834 2168 Heraclea
861 2101 930 2185 3),
979 2107 1218 2168 contra
1263 2124 1468 2188 quam
1511 2102 1752 2168 urbem
1795 2102 1914 2168 illo
1960 2102 2109 2190 ipso
2146 2109 2453 2189 tempore
2490 2100 2853 2190 pugnabat

504 2209 803 2297 Zipoites
866 2208 1083 2273 frater
1127 2209 1537 2293 Nicomedis,
1582 2215 1853 2298 partem
1896 2210 2092 2295 regni
2135 2209 2407 2297 paterni
2452 2208 2582 2273 sibi
2630 2208 2856 2272 vindi-

502 2337 663 2381 cans
690 2314 761 2398 4).
810 2314 945 2381 Hic
989 2315 1202 2402 igitur
1245 2316 1446 2381 rebus
1491 2316 1656 2404 ipsis
1703 2318 1920 2382 socius
1943 2316 2267 2382 Antiochi
2292 2314 2513 2381 factus
2539 2321 2659 2380 est.
2711 2312 2852 2379 Sed

505 2423 743 2488 eodem
813 2429 1139 2510 tempore,
1213 2445 1391 2489 anno
1460 2424 1672 2510 igitur
1730 2424 1863 2489 280
1909 2422 2165 2489 bellum
2210 2423 2390 2488 inter
2433 2421 2857 2488 Antiochum

508 2535 576 2593 et
642 2529 1070 2615 Antigonum
1135 2530 1309 2614 infit,
1380 2531 1451 2595 in
1519 2531 1692 2596 illud
1763 2531 2038 2615 bellum,
2082 2611 2091 2618 .
2130 2531 2311 2617 quod
2374 2530 2492 2596 diu
2553 2528 2856 2612 duravit,

506 2627 790 2722 uterque
837 2657 1121 2722 magnas
1167 2638 1395 2726 copias
1440 2638 1715 2726 paravit
1741 2639 1810 2723 5).

596 2743 689 2808 Et
736 2745 973 2810 eodem
1019 2767 1197 2811 anno
1246 2745 1738 2833 Spartanorum
1781 2770 1902 2812 rex
1923 2747 2141 2813 Areus
2166 2753 2437 2813 auctore
2458 2745 2858 2812 Ptolemaeo

509 2850 963 2938 Philadelpho
1010 2850 1286 2918 Aetolos
1334 2854 1749 2939 aggreditur,
1794 2876 2050 2942 perque
2102 2854 2380 2920 Aetolos
2426 2853 2860 2940 Antigonum

509 2979 743 3024 eorum
799 2958 1072 3042 socium,
1137 2960 1477 3046 superiore
1541 2982 1720 3025 anno
1788 2961 1980 3027 clade
2042 2961 2382 3043 affectum,
2446 2982 2631 3027 nunc
2674 2960 2859 3027 bello

511 3071 749 3130 contra
793 3064 1206 3130 Antiochum
1254 3073 1678 3153 occupatum.
1726 3068 1926 3133 Nunc
1974 3069 2247 3133 demum
2294 3068 2732 3156 perspicuum
2776 3067 2862 3132 fit

512 3172 852 3257 quomodo
897 3170 1329 3237 Ptolemaeus
1374 3169 1868 3261 Philadelphus
1915 3172 2125 3241 fratri,
2144 3171 2455 3240 Cerauno
2480 3173 2860 3261 opitulatus

511 3278 616 3344 sit.
693 3277 928 3343 Unum
988 3300 1070 3342 ex
1131 3279 1684 3366 competitoribus
1731 3301 1976 3366 nempe
2020 3279 2435 3347 Antiochum
2482 3282 2629 3370 ipse
2675 3281 2862 3347 bello

565 3580 615 3648 1)
653 3582 829 3650 Percy
885 3581 1133 3636 Gardner
1170 3582 1441 3635 Numism.
1491 3566 1692 3635 Chron.
1734 3578 1819 3635 18.
1857 3582 2002 3637 Now.
2042 3582 2161 3637 Ser.
2198 3600 2251 3651 p.
2296 3582 2381 3636 92.
2422 3600 2542 3650 sqq.
2582 3583 2716 3646 „We
2753 3600 2863 3636 can

515 3672 762 3742 scarcely
815 3671 885 3724 be
941 3687 1131 3739 wrong
1178 3670 1233 3723 in
1292 3670 1593 3740 supposing
1640 3670 1764 3724 that
1809 3671 1904 3724 the
1945 3672 2112 3726 series
2150 3672 2211 3726 of
2246 3690 2454 3742 copper
2491 3674 2675 3741 pieces
2714 3691 2863 3727 were

513 3760 701 3815 issued
736 3761 810 3829 by
847 3758 1152 3812 Antiochus
1188 3759 1214 3812 I
1251 3761 1309 3811 at
1344 3757 1440 3812 the
1475 3758 1609 3813 time
1645 3758 1769 3812 that
1804 3759 1873 3812 he
1894 3777 2004 3814 was
2023 3760 2265 3831 aspiring
2296 3765 2354 3815 to
2381 3762 2477 3817 the
2496 3761 2867 3816 Macedonian

515 3848 764 3904 throne.'²

566 3938 616 4001 2)
655 3937 930 3993 Memnon.
971 3936 1054 3989 16.

568 4024 616 4089 3)
653 4025 909 4079 Μ61111611.
951 4024 1078 4078 ibid.

569 4113 618 4179 4)
656 4113 932 4167 Memnon.
973 4113 1056 4165 17.

568 4202 617 4267 5)
654 4201 928 4255 Memnon.
987 4200 1056 4254 18
1107 4203 1245 4249 κατὰ
1298 4197 1349 4248 δὲ
1396 4202 1512 4257 τοὺς
1569 4200 1750 4259 αὐτοὺς
1804 4205 2005 4266 χρόνους
2063 4207 2312 4269 Ἀντιόχῳ
2368 4212 2438 4270 τῷ
2495 4203 2734 4256 Σελεύκου
2776 4207 2868 4257 καὶ

517 4291 789 4353 Ἀντιγόνῳ
826 4295 896 4352 τῷ
934 4289 1226 4351 Δημητρίου,
1261 4288 1497 4351 μεγάλων
1534 4287 1825 4354 ἑκατέρωθεν
1862 4293 2253 4356 στρατευμάτων
2274 4294 2870 4358 ἀντιπαραταττομένων,

519 4381 728 4428 κινεῖται
784 4378 809 4427 ὁ
861 4380 1074 4439 πόλεμος
1127 4376 1214 4426 καὶ
1268 4379 1436 4439 χρονόν
1491 4380 1668 4441 συχνὸν
1724 4381 2007 4443 κατέτριψε.
2064 4382 2337 4447 συνεμάχει
2387 4382 2439 4432 δὲ
2476 4390 2546 4447 τῷ
2584 4385 2674 4446 μὲν
2713 4386 2740 4434 ὃ
2775 4390 2871 4443 τῆς

520 4467 744 4523 Βιθυνίας
781 4467 1031 4529 βασιλεὺς,
1066 4462 1361 4526 Νικομήδης,
1397 4469 1642 4530 Ἀντιόχῳ
1681 4466 1731 4517 δὲ
1770 4471 1944 4518 πόλλοι
1979 4470 2146 4533 ἕτεροι,
