3338 5350
1732 475 1857 539 140

620 671 945 757 temporis
1012 668 1353 736 effluxisse
1422 677 1789 757 antequam
1851 672 2073 737 denuo
2118 679 2325 760 caput
2368 675 2703 739 societatis
2750 674 2972 742 Boeo-

620 777 794 840 ticae
866 776 1049 843 facta
1109 784 1230 862 est,
1275 779 1518 844 saltem
1564 801 1742 845 anno
1789 781 1921 845 294
1965 777 2426 846 Boeotarchae
2471 782 2972 848 Orchomenum

623 891 1087 949 convenerunt
1112 885 1182 969 1).
1256 885 1514 951 Tamen
1581 889 1855 952 omnino
1923 908 2061 952 non
2120 894 2315 974 patet
2374 890 2646 975 quando
2693 888 2974 954 Thebae

620 1011 849 1056 rursus
897 992 1086 1058 sedes
1132 992 1470 1059 societatis
1516 993 1878 1059 Boeoticae
1922 992 2145 1059 factae
2191 995 2344 1060 sint.

948 1392 989 1471 ξ
1035 1388 1101 1457 3.
1152 1388 1238 1457 ue
1286 1387 1467 1457 benis
1512 1406 1552 1457 a
1597 1387 1961 1459 cassandro
2010 1389 2215 1475 uestis
2257 1389 2639 1477 (315-311).

712 1584 781 1649 Si
827 1584 1368 1673 contemplamur
1410 1607 1515 1651 res
1560 1591 1788 1672 gestas
1836 1608 1877 1651 a
1923 1586 2270 1651 diadochis
2338 1593 2497 1674 post
2542 1587 2972 1674 Olympiadis

625 1697 692 1756 et
735 1691 1061 1757 Eumenis
1107 1697 1414 1776 mortem,
1462 1693 1684 1779 primo
1726 1692 1873 1759 loco
1922 1694 2008 1757 ad
2053 1694 2230 1758 hanc
2278 1715 2421 1759 rem
2476 1695 2975 1760 attendendum

624 1804 726 1864 est
770 1798 1213 1884 Antigonum,
1263 1798 1382 1885 qui
1418 1797 1566 1884 jam
1614 1799 1777 1864 inde
1822 1800 1908 1866 ab
1960 1821 2136 1865 anno
2184 1801 2311 1865 321
2357 1823 2602 1866 munus
2649 1823 2970 1888 procura-

621 1906 784 1970 toris
829 1904 1098 1992 imperii
1145 1906 1274 1971 sibi
1318 1906 1703 1971 vindicavit
1724 1907 1795 1990 2),
1842 1929 2024 1972 1111110
2047 1907 2147 1973 ita
2179 1907 2435 1974 viribus
2483 1914 2756 1976 auctum
2804 1932 2972 1993 esse,

621 2019 702 2077 ut
747 2012 809 2076 ei
853 2013 927 2078 id
974 2013 1246 2080 studere
1290 2013 1576 2098 licuerit,
1628 2021 1706 2079 ut
1749 2014 2025 2080 consilia
2066 2038 2189 2081 sua
2236 2021 2729 2102 exsequeretur.
2821 2014 2975 2094 Qua

622 2120 693 2183 in
736 2141 810 2185 re
855 2119 1040 2186 haud
1108 2121 1596 2207 negligendum
1666 2128 1770 2187 est
1837 2122 2132 2209 primum
2203 2123 2266 2187 ei
2313 2121 2523 2188 fuisse
2561 2124 2673 2208 jus
2711 2122 2973 2188 tutelae

623 2225 968 2312 legitimae
1038 2228 1122 2293 de
1187 2227 1482 2314 regibuS‚
1569 2228 1717 2313 jam
1785 2229 1947 2293 inde
2017 2251 2058 2293 a
2125 2250 2485 2315 congressu
2554 2229 2976 2317 Triparadisi

622 2334 858 2400 habito
905 2341 990 2421 (p.
1045 2336 1220 2422 122),
1292 2336 1586 2401 secundo
1631 2336 1799 2420 1000,
1856 2336 2225 2401 maximam
2270 2342 2536 2424 partem
2580 2337 2851 2424 imperii
2898 2338 2971 2402 in

617 2441 790 2506 'Asia
835 2442 897 2506 ei
943 2447 1108 2508 tunc
1153 2443 1474 2530 temporis
1522 2444 1898 2529 subjectam
1938 2441 2163 2527 fuisse,
2211 2444 2413 2509 tertio
2449 2443 2718 2520 nullum
2761 2443 2977 2509 alium

623 2546 851 2633 fuisse,
901 2549 1020 2635 qui
1056 2549 1169 2635 jus
1216 2550 1517 2616 universi
1561 2551 1829 2638 imperii
1877 2550 2396 2615 administrandi
2442 2550 2569 2626 sibi
2593 2551 2981 2626 vindicaret

623 2655 736 2720 vel
781 2655 1132 2723 vindicare
1175 2663 1423 2746 posset,
1473 2658 1754 2724 minime
1799 2658 2077 2745 quidem
2125 2657 2521 2742 Cassander,
2562 2658 2723 2724 licet
2746 2659 2972 2729 Mace-

625 2764 868 2829 doniae
915 2764 1394 2830 dominaretur.

716 2869 854 2936 Sed
898 2870 1142 2958 reliqui
1186 2872 1545 2960 principeS,
1594 2872 2044 2957 PtolemanS,
2085 2873 2532 2960 Lysimachus
2572 2880 2642 2938 et
2689 2874 2978 2940 Cassan-

627 2980 749 3044 der
816 2999 954 3044 non
1000 2979 1048 3042 ii
1082 2987 1306 3061 erant,
1383 2982 1499 3066 qui
1567 2979 1811 3046 horum
1877 2982 2181 3046 omnium
2241 2983 2573 3046 rationem
2619 2982 2976 3066 haberent,

625 3086 1145 3172 postulaverunt
1188 3092 1267 3151 ut
1310 3085 1717 3172 AntigonuS,
1765 3093 2131 3175 postquam
2155 3088 2357 3174 hujus
2381 3088 2595 3172 legati
2620 3090 2708 3153 ad
2732 3110 2978 3176 pacem

626 3193 1036 3259 servandam
1082 3193 1265 3258 missi
1310 3192 1566 3277 infecta
1633 3216 1708 3259 re
1755 3196 2104 3260 redierunt
2125 3194 2196 3280 3),
2269 3195 2398 3261 sibi
2442 3201 2710 3282 partem
2755 3195 2979 3280 regio-

624 3322 813 3383 num,
863 3299 948 3364 ab
997 3321 1073 3366 eo
1121 3306 1601 3389 occupatarum
1647 3302 2066 3384 concederet,
2112 3306 2192 3366 ut
2213 3300 2494 3367 Seleuco
2518 3300 2980 3387 Babyloniam

626 3407 961 3491 redderet,
1006 3414 1085 3472 ut
1113 3407 1481 3492 thesaurOS,
1511 3430 1678 3495 quos
1700 3416 1856 3496 post
1881 3409 2203 3475 Eumenis
2226 3415 2515 3473 mortem
2541 3407 2977 3495 spoliaverat,

627 3515 807 3579 inter
851 3535 963 3580 eos
1010 3514 1348 3580 divideret
1370 3514 1444 3600 4).

716 3622 906 3686 Inter
967 3627 1191 3687 cetera
1234 3621 1573 3688 Diodorus
1625 3624 1726 3688 13.
1783 3624 1888 3688 57.
1944 3624 1979 3689 1
2075 3621 2532 3688 Cassandrum
2578 3621 2708 3687 sibi
2751 3623 2979 3688 vindi-

631 3749 784 3794 care
849 3727 1047 3793 facit.
1086 3727 1592 3815 Cappadociam
1660 3735 1731 3794 et
1794 3730 2097 3816 Lyciam.
2190 3730 2501 3816 Droysen
2571 3734 2800 3793 autem
2850 3750 2980 3816 pro

626 3833 1006 3901 Cassandro
1077 3835 1466 3900 Asandrum
1509 3835 1696 3922 legit,
1766 3838 1876 3901 cui
1920 3844 2152 3901 tamen
2196 3836 2399 3901 Niese
2448 3838 2508 3899 1.
2549 3835 2682 3899 274
2728 3856 2886 3900 ann.
2913 3838 2981 3922 3,

623 3963 762 4008 non
809 3943 1190 4008 assentitur.
1239 3943 1393 4009 Meo
1439 3966 1601 4011 vero
1640 3944 1901 4030 judicio
1948 3935 2087 4009 non
2134 3942 2499 4008 verisimile
2547 3948 2650 4007 est
2695 3942 2982 4008 Cassan-

680 4159 728 4226 1)
763 4160 1026 4230 Polyaen.
1065 4159 1115 4213 4.
1155 4160 1202 4213 7.
1247 4159 1337 4213 11.

681 4249 732 4316 2)
769 4249 836 4303 cf.
877 4265 928 4317 p.
971 4248 1088 4301 122.

680 4338 730 4406 3)
770 4335 931 4391 Diod.
971 4337 1053 4391 19.
1090 4336 1175 4389 56.
1218 4337 1267 4389 4.

681 4427 728 4496 4)
767 4426 924 4480 Diod.
965 4427 1048 4480 19.
1087 4426 1173 4480 57.
1215 4425 1260 4478 1.
