3338 5350
1522 495 1632 559 51·

392 695 879 760 Romanorum.
925 692 1330 758 Hominibus
1374 692 1616 778 quibus
1655 690 1788 756 fuit
1827 692 2060 757 titulus
2109 690 2337 775 ,,φι’λος
2362 690 2761 768 βασιλικός”·

395 802 526 865 hac
585 803 736 889 ipsa
803 823 876 866 re
916 800 1027 886 jus
1076 801 1313 864 datum
1361 806 1465 864 est
1510 797 1774 864 ferendi
1821 798 2253 884 chlamydem
2297 820 2731 885 purpuream,

395 908 580 973 unde
625 929 873 972 nomen
916 912 1463 994 purpuratorum,
1504 906 1868 991 obtegendi
1891 911 2099 992 caput
2121 905 2347 970 causia
2369 926 2730 993 purpurea.

398 1014 820 1079 Vestimenta
905 1020 1132 1079 autem
1207 1012 1326 1077 illa
1402 1034 1746 1100 purpurea
1811 1013 1881 1076 in
1962 1034 2160 1077 usum
2228 1017 2582 1095 venerunt,
2655 1012 2732 1075 iis

396 1121 812 1209 temporibus
903 1143 1058 1186 cum
1151 1119 1544 1185 Alexander
1609 1120 1683 1183 in
1750 1119 2029 1184 Perside
2094 1118 2404 1184 habitum
2469 1120 2733 1205 regium

398 1229 759 1295 Persarum
848 1228 1225 1315 adsumpsit
1251 1227 1320 1310 1).
1414 1226 1688 1292 Nemini
1778 1226 1970 1292 licuit
2059 1225 2237 1292 ferre
2327 1227 2734 1292 vestimenta

399 1357 737 1423 purpurea
779 1336 908 1400 nisi
951 1336 1285 1422 permissu
1327 1334 1506 1420 regis
1551 1334 1696 1399 sive
1741 1333 1977 1399 vicarii
2023 1332 2168 1419 ejus
2196 1334 2265 1417 2).

486 1443 700 1509 Juxta
765 1442 915 1507 illos
976 1447 1384 1529 purpuratos
1431 1440 1563 1505 alia
1608 1439 1930 1505 sodalitas
1978 1461 2151 1525 quae
2196 1439 2552 1505 constabat
2595 1460 2735 1504 non

399 1550 618 1614 minus
686 1548 1058 1613 illustribus
1123 1547 1463 1613 nobilibus
1533 1569 1799 1634 semper
1844 1569 1998 1612 cum
2042 1569 2204 1632 rege
2248 1545 2400 1612 fuit.
2453 1545 2734 1612 Sodales

401 1662 628 1720 autem
670 1654 873 1741 hujus
920 1653 1186 1741 collegii
1224 1653 1513 1740 juvenes
1584 1652 1881 1738 fuerunt,
1954 1655 2068 1740 qui
2136 1655 2331 1741 pueri
2374 1654 2545 1739 regii
2593 1655 2737 1718 sive

402 1763 622 1836 παῖδες
690 1762 1004 1840 βασιλικοί
1065 1760 1591 1827 nominabantur
1617 1759 1688 1844 3).
1760 1761 1908 1825 Hoc
1968 1759 2373 1842 sodalitium,
2443 1763 2497 1824 si
2564 1760 2734 1825 fides

398 1870 713 1936 habenda
778 1878 879 1936 est
924 1870 1214 1936 Arriano
1258 1871 1321 1936 4.
1375 1871 1477 1935 13.
1529 1872 1590 1952 1,
1638 1892 1679 1933 a
1724 1868 2043 1957 Philippo
2088 1869 2161 1934 H
2205 1871 2589 1934 institutum
2613 1875 2733 1953 est,

401 1981 669 2044 tametsi
758 1983 951 2067 patet
1033 1977 1180 2064 jam
1246 1977 1371 2043 sub
1439 1978 1584 2063 ejus
1654 1976 2111 2042 decessoribus
2181 1978 2470 2062 vestigia
2535 1974 2736 2060 hujus

400 2085 665 2171 collegii
717 2084 1032 2167 adfuisse,
1098 2082 1368 2149 Curtius
1414 2083 1655 2149 saltem
1700 2083 1764 2148 8.
1810 2083 1873 2148 8.
1925 2084 1988 2148 3.
2038 2083 2124 2149 de
2170 2105 2249 2148 eo
2295 2090 2374 2148 ut
2420 2083 2504 2148 de
2550 2104 2738 2148 more

404 2194 864 2280 antiquissimo
910 2192 1210 2278 loquitur
1241 2196 1310 2271 4).
1358 2191 1561 2256 Pueri
1606 2190 1818 2256 nobili
1862 2212 2111 2277 genere
2132 2192 2205 2255 in
2231 2190 2458 2255 aulam
2479 2193 2739 2277 regiam

406 2299 931 2383 arcessebantur,
1000 2305 1080 2364 ut
1147 2297 1537 2363 muneribus
1606 2298 1741 2363 suis
1814 2299 1960 2383 regi
2026 2297 2225 2363 utiles
2294 2304 2535 2381 essent,
2583 2319 2738 2362 cum

404 2406 489 2471 ab
542 2405 758 2470 altera
823 2410 1021 2492 parte
1080 2404 1190 2470 hic
1258 2426 1491 2471 eorum
1534 2405 1763 2487 victui,
1838 2405 2218 2470 educationi
2265 2410 2333 2469 et
2380 2405 2739 2470 eruditioni

402 2513 831 2600 prospiceret.
937 2510 1263 2595 Fuerunt,
1355 2517 1435 2576 ut
1499 2511 1831 2577 Arrianus
1897 2511 1990 2576 1.1.
2073 2511 2236 2579 dicit
2299 2510 2422 2576 filii
2491 2515 2607 2575 τῶν
2679 2512 2739 2574 ἐν

404 2619 567 2684 τέλει
618 2619 1008 2704 Μακεδόνων,
1057 2641 1470 2707 quamquam
1517 2618 1640 2685 sub
1688 2618 2074 2685 Alexandro
2123 2620 2327 2684 etiam
2370 2618 2495 2685 filii
2546 2618 2737 2685 nobi·

402 2726 610 2791 litatis
664 2750 701 2791 e
743 2726 1129 2812 regionibus
1192 2713 1533 2812 subjectis,
1586 2749 1623 2791 e
1666 2726 1954 2791 Thracia
1993 2727 2288 2814 exempli
2331 2729 2551 2813 gratia
2594 2728 2740 2812 regi

404 2839 671 2921 praesto
725 2831 1003 2898 fuerunt
1028 2832 1101 2915 5).
1192 2833 1284 2897 Hi
1351 2834 1544 2921 pueri
1612 2833 1780 2919 regii
1840 2832 2028 2898 —virili
2098 2840 2322 2899 aetate
2366 2855 2740 2922 purpuram

407 2946 828 3028 acceperunt,
899 2942 1076 3005 inter
1123 2941 1370 3005 amicos
1416 2942 1635 3026 regios
1684 2940 1924 3005 adsciti
1968 2946 2145 3005 sunt.
2196 2940 2391 3020 Quod
2438 2942 2741 3027 sequitur

408 3070 444 3112 e
508 3047 734 3113 verbis
803 3044 1017 3111 Curtii
1084 3047 1145 3111 8.
1218 3048 1280 3111 6.
1352 3048 1413 3112 6.
1484 3046 1569 3111 cf.
1632 3048 1697 3112 5.
1750 3049 1808 3111 1.
1855 3047 1961 3111 42.
2017 3047 2223 3133 „haec
2268 3048 2504 3113 cohors
2549 3047 2741 3113 velut

413 3155 885 3243 „seminarium
992 3153 1241 3219 ducum
1332 3152 1967 3241 praefectorumque
2063 3154 2247 3241 apud
2335 3154 2740 3220 Macedones

407 3261 601 3327 fuit.”

492 3368 698 3433 Pueri
764 3366 1061 3449 „adulti”
1136 3374 1377 3451 essent,
1446 3388 1720 3432 necesse
1781 3365 1915 3431 fuit
1940 3365 2014 3451 6),
2076 3367 2405 3433 Arrianus
2474 3367 2538 3434 4.
2569 3369 2672 3434 13.
2703 3371 2738 3433 1

408 3476 572 3541 dicit
619 3476 683 3546 ἐς
729 3473 968 3549 ἡλικίαν
1016 3474 1511 3554 μειρακιούμενοι,
1580 3475 1764 3539 haud
1834 3474 1933 3540 ita
1995 3496 2321 3561 magnum
2381 3475 2744 3541 discrimen

406 3583 615 3668 igitur
659 3580 795 3645 fuit
839 3580 1018 3645 inter
1061 3603 1173 3647 eos
1220 3588 1290 3646 et
1342 3580 1788 3669 „vesticipes”
1833 3582 2319 3647 Romanorum.
2403 3580 2565 3646 Fuit
2611 3582 2743 3647 col-

407 3689 662 3776 legium
700 3687 964 3774 legibus
995 3688 1300 3774 legitime
1323 3689 1788 3776 compositum.
1837 3689 2215 3775 Praecipua
2239 3710 2471 3754 eorum
2516 3687 2742 3754 officia

462 3903 508 3967 1)
547 3904 744 3959 Justin.
783 3902 868 3955 12.
905 3903 954 3955 3.
996 3904 1043 3957 9.

463 3993 507 4060 2)
545 3992 691 4046 Plut.
746 3992 905 4046 Eum.
963 3993 1013 4047 8.
1070 3993 1283 4050 καυσίας
1334 3993 1606 4055 ἁλιουργεῖς
1640 3991 1728 4041 καὶ
1763 3990 2038 4056 χλαμύδας
2074 3991 2332 4058 διανέμειν,
2365 3993 2475 4051 ἥτις
2510 3991 2563 4051 ἣν
2600 3992 2746 4057 δωρεὰ

419 4082 795 4142 βασιλικωτάτη
831 4083 964 4144 παρὰ
999 4080 1289 4134 Μακεδόσιν.

468 4170 512 4237 3)
548 4172 664 4225 Liv.
702 4171 789 4225 45.
826 4172 877 4225 6.
919 4172 966 4224 7.
1005 4171 1209 4225 Aelian.
1250 4171 1312 4225 V.
1348 4171 1412 4224 H.
1452 4170 1535 4224 14.
1577 4172 1666 4225 48.

469 4258 519 4326 4)
555 4262 619 4314 cf.
657 4261 772 4315 Val.
816 4261 960 4315 Max.
1000 4261 1050 4314 3.
1090 4262 1134 4314 3.
1181 4263 1290 4316 ext.
1335 4262 1382 4314 1.

469 4347 517 4412 5)
553 4349 759 4403 Arrian.
798 4349 970 4404 4.·13.
1010 4350 1059 4402 4.

470 4436 519 4503 6)
556 4436 703 4492 Curt.
742 4438 793 4492 8.
834 4438 883 4492 6.
924 4440 987 4507 2;
1026 4439 1076 4493 5.
1115 4440 1163 4492 1.
1202 4439 1287 4492 42.
