3338 5350
1596 492 1684 556 23

461 710 588 754 nos
636 689 829 753 docet
880 686 1236 753 concilium
1280 686 1497 775 plebis
1540 688 1827 775 perinde
1852 709 1930 753 ac
1954 695 2156 753 antea
2183 688 2495 754 extitisse.
2543 689 2807 754 Eadem

467 801 697 861 autem
742 795 1086 882 inscriptio
1135 792 1492 874 προστάτας
1537 801 2035 878 commemorat,
2085 795 2327 880 quibus
2373 817 2534 860 cura
2576 796 2807 882 legum

464 902 821 967 commissa
865 907 1030 984 erat,
1079 901 1165 966 de
1210 902 1453 987 quibus
1499 900 1860 989 praefectis
1908 908 2136 966 autem
2181 922 2319 967 non
2363 908 2555 990 patet
2577 910 2805 968 utrum

467 1031 510 1073 a
553 1029 714 1094 rege
759 1009 1047 1073 instituti
1092 1009 1248 1092 sint,
1322 1031 1409 1074 an
1456 1010 1663 1074 creati
1710 1031 1751 1074 a
1796 1008 2014 1097 plebe.
2112 1006 2659 1075 Consentaneum
2704 1017 2807 1074 est

465 1114 798 1200 conjicere
863 1137 968 1181 res
1035 1117 1336 1181 internas
1406 1116 1910 1181 administratas
1978 1136 2121 1181 esse
2193 1114 2278 1180 ab
2341 1116 2500 1204 ipsis
2547 1117 2803 1182 civibus

468 1222 779 1309 auspiciis
824 1222 1066 1288 horum
1111 1221 1627 1310 praefectorum,
1695 1228 1763 1287 et
1818 1223 1890 1286 in
1937 1223 2251 1288 universo
2297 1229 2550 1288 statum
2595 1224 2804 1311 ipsius

467 1328 650 1394 urbis
696 1351 834 1394 non
880 1330 1171 1395 multum
1238 1330 1679 1417 discrepuisse
1749 1353 1789 1394 a
1857 1330 2242 1395 conditione
2286 1329 2806 1417 municipiorum

464 1435 950 1501 Romanorum.
999 1436 1239 1522 Neque
1285 1438 1647 1522 quicquam
1688 1436 1914 1501 obstat
1961 1437 2320 1521 quominus
2367 1436 2804 1523 suspicemur,

466 1547 719 1607 statum
763 1542 1178 1629 reliquarum
1224 1543 1498 1608 urbium
1544 1549 1612 1607 et
1661 1542 2078 1608 coloniarum
2147 1542 2579 1627 Graecarum,
2629 1565 2802 1629 quae

464 1649 633 1714 sitae
703 1655 895 1714 erant
961 1650 1140 1714 intra
1206 1649 1374 1714 fines
1442 1649 1931 1732 Macedonicos,
2001 1670 2141 1715 non
2203 1649 2494 1715 multum
2554 1650 2799 1731 discre-

464 1757 689 1843 puisse
736 1756 821 1820 ab
865 1754 1368 1844 Amphipolidis
1414 1762 1616 1839 statu,
1687 1763 2050 1844 postquam
2111 1779 2152 1821 a
2196 1756 2515 1845 Philippo
2562 1762 2799 1845 captae

465 1870 641 1928 sunt.
703 1862 908 1928 Ratio
956 1864 1136 1928 enim
1184 1863 1381 1928 docet
1450 1885 1682 1949 regem
1728 1884 1960 1929 omnes
2019 1864 2220 1929 urbes
2283 1865 2574 1930 Graecas
2622 1865 2800 1930 intra

461 1969 630 2034 fines
675 1970 1142 2036 Macedonicos
1190 1969 1275 2036 ab
1323 1992 1401 2036 eo
1445 1975 1808 2058 occupatas
1855 1970 1943 2034 ad
1990 1993 2196 2036 unam
2247 1993 2554 2038 normam
2590 1993 2798 2057 regno

464 2098 582 2143 suo
631 2075 1000 2163 injunxisse
1045 2085 1396 2164 tamquam
1442 2077 1810 2164 municipia
1855 2077 2309 2143 Macedonica.

549 2183 797 2269 Pydna
843 2183 954 2267 (cf.
1003 2207 1069 2272 p.
1117 2186 1182 2267 5)
1231 2205 1405 2270 quae
1452 2183 1609 2250 urbs
1655 2192 1812 2273 post
1854 2186 2079 2252 varias
2128 2185 2622 2250 vicissitudines
2656 2206 2799 2249 sese

462 2294 526 2357 in
576 2292 712 2357 fine
756 2293 951 2377 regni
996 2291 1359 2357 Perdiccae
1404 2290 1477 2357 Π
1534 2293 1815 2357 tandem
1859 2293 1930 2357 in
1974 2292 2358 2357 libertatem
2402 2292 2797 2390 vindicavit,

461 2400 694 2490 paullo
738 2405 896 2487 post
941 2397 1384 2486 Amphipolin
1430 2405 1723 2486 captam,
1772 2400 1978 2464 etiam
2023 2422 2064 2464 a
2108 2398 2429 2487 Philippo
2467 2405 2796 2486 occupata

463 2515 580 2592 est,
642 2509 758 2594 qui
840 2528 983 2571 sese
1066 2505 1266 2571 simili
1351 2506 1551 2572 modo
1619 2507 1832 2592 gessit
1899 2513 2134 2572 contra
2201 2507 2417 2571 victos
2479 2528 2557 2571 ac
2624 2505 2787 2571 Am-

460 2614 829 2705 phipolide.
878 2612 1105 2678 Etiam
1153 2614 1322 2680 haec
1367 2613 1528 2679 urbs
1551 2612 1990 2679 Macedonica
2011 2612 2091 2678 fit
2111 2613 2183 2702 ¹),
2209 2612 2537 2679 Potidaea
2568 2618 2797 2679 autem

463 2724 700 2788 eodem
746 2727 1050 2809 tempore
1096 2727 1367 2786 vastata
1409 2727 1512 2786 est
1559 2728 1628 2785 et
1674 2743 1837 2808 ager
1874 2721 2060 2786 urbis
2087 2718 2426 2807 Olynthiis
2451 2722 2651 2787 datus
2674 2729 2795 2786 est.

552 2829 689 2894 Sed
736 2828 869 2893 alia
914 2827 1048 2893 fuit
1092 2828 1388 2893 conditio
1433 2827 1928 2916 Philipporum,
1994 2850 2166 2914 quae
2232 2829 2393 2894 urbs
2441 2849 2618 2893 anno
2665 2829 2797 2892 354

461 2960 502 3002 a
543 2958 705 3022 rege
757 2935 1030 3002 condita
1099 2940 1199 2999 est
1245 2935 1317 2999 in
1364 2935 1667 2999 terminis
1727 2933 1968 2999 finium
2034 2956 2327 3018 suorum,
2397 2936 2798 3000 munimenti

460 3045 673 3108 instar
739 3049 974 3107 contra
1042 3040 1334 3107 Thraces
1406 3041 1750 3125 barbaros,
1812 3049 1892 3106 ut
1960 3063 2071 3107 eos
2138 3041 2430 3107 metallis
2492 3042 2794 3127 Pangaei

460 3155 716 3215 arceret
736 3149 803 3228 2).
866 3149 1179 3235 Droysen
1223 3149 1286 3213 3.
1331 3149 1396 3212 2.
1448 3149 1574 3214 189
1641 3148 1879 3214 urbem
1946 3147 2230 3213 liberam
2290 3154 2491 3214 vocat
2534 3155 2605 3214 et
2641 3148 2796 3234 jure

458 3257 751 3343 quidem.
844 3256 990 3322 Nec
1049 3262 1280 3320 tamen
1334 3253 1495 3319 urbs
1542 3253 1681 3319 fuit
1727 3253 2114 3336 ἀφρούρητος,
2162 3253 2386 3321 facere
2431 3255 2612 3320 enim
2656 3277 2795 3320 non

457 3383 810 3451 possumus
856 3365 1023 3449 quin
1072 3363 1486 3450 suspicemur
1522 3361 1917 3451 Philippum
1960 3361 2199 3428 urbem
2236 3364 2620 3450 nuperrime
2644 3384 2793 3427 con·

456 3470 673 3535 ditam
717 3469 789 3533 in
828 3470 1130 3534 terminis
1169 3469 1410 3535 finium
1455 3490 1729 3534 suorum
1774 3469 2154 3535 firmissimo
2198 3470 2534 3558 praesidio
2575 3471 2790 3534 muni-

455 3577 632 3644 visse
670 3583 905 3642 contra
950 3577 1331 3643 invasiones
1389 3575 1747 3642 Thracum.
1794 3577 2035 3663 Neque
2079 3577 2301 3641 minus
2339 3574 2792 3658 ἀφορολόγητος

454 3682 621 3765 fuit3
670 3683 1014 3771 praecipui
1060 3683 1315 3748 reditus
1355 3685 1536 3749 enim
1580 3684 1903 3772 Philippo
1943 3682 2356 3750 affluxerunt
2402 3705 2439 3748 e
2487 3683 2790 3769 Pangaei

454 3789 747 3855 metallis
770 3788 839 3873 3).
883 3788 1021 3855 Sed
1069 3789 1557 3878 aliquantisper
1604 3788 1907 3871 ἐλευθέρα
1955 3790 2089 3855 fuit
2110 3791 2185 3874 4).

501 3994 549 4058 1)
588 3996 781 4049 Arrian
834 3994 1003 4048 Anah.
1041 3993 1089 4048 3.
1128 3993 1178 4048 5.
1216 3994 1266 4047 3.
1305 3994 1493 4050 Indica
1531 3995 1611 4048 18.
1651 3996 1701 4050 5.
1741 3996 1906 4051 Diod.
1947 3998 2032 4051 16.
2070 3997 2120 4051 8.
2158 3997 2208 4050 3.
2268 3996 2550 4052 Demosth.
2592 3996 2675 4050 10.
2719 3996 2791 4049 20

454 4087 511 4139 et
547 4084 715 4138 schol.
754 4083 827 4138 ad
863 4084 914 4137 h.
954 4083 990 4137 l.

503 4173 550 4240 2)
587 4173 667 4226 De
719 4172 984 4243 Philippis
1039 4174 1106 4232 cf.
1157 4174 1339 4228 Kuhn.
1391 4192 1442 4243 p.
1481 4173 1595 4228 305·
1623 4192 1742 4243 sqq.
1782 4174 1995 4231 Schaef.
2037 4177 2188 4230 Dem.
2229 4175 2278 4230 2.
2317 4175 2400 4229 26.
2443 4174 2645 4230 Strabo
2683 4174 2787 4228 331

452 4265 517 4316 fr.
554 4262 624 4315 33
662 4265 718 4317 et
754 4262 838 4315 34.
879 4262 1033 4317 Diod.
1074 4264 1157 4317 16.
1197 4263 1248 4317 8.
1285 4264 1334 4316 6.

504 4348 554 4417 3)
594 4350 794 4405 Strabo
831 4349 949 4405 323.
989 4351 1144 4407 Diod.
1185 4352 1267 4405 16.
1303 4352 1353 4407 8.
1391 4353 1443 4405 6.

504 4440 553 4504 4)
591 4440 910 4511 Cousinery.
949 4441 1172 4513 Voyage
1209 4441 1347 4498 dans
1382 4442 1438 4497 la
1473 4442 1793 4499 Macedoine
1831 4445 1880 4499 2.
1918 4462 1971 4514 p.
2009 4444 2094 4499 38.
