3338 5350
1683 553 1811 615 118

656 747 705 814 J
707 770 826 812 ure
857 732 954 812 'iis
1001 748 1223 812 dicere
1268 746 1502 813 licuit:
1550 747 1744 811 nobis
1792 747 2086 812 concede
2128 745 2298 811 fines
2321 752 2584 811 nostros
2626 752 2695 810 et
2716 745 2916 811 liber-

568 860 818 937 tatem;
889 860 1012 918 tua
1057 855 1239 918 enim
1301 875 1440 919 non
1486 854 1704 939 magis
1746 853 1943 918 nobis
1992 853 2437 918 vindicamus,
2528 853 2679 917 Hoc
2716 853 2917 918 modo

571 961 699 1025 sibi
744 961 874 1026 visi
920 969 1079 1026 sunt
1120 961 1436 1026 libertate
1483 959 1640 1044 frui,
1688 982 1826 1026 non
1871 960 2153 1026 cohibiti
2191 960 2447 1046 majore
2493 960 2911 1042 auctoritate,

572 1075 641 1132 et
707 1089 789 1132 ea
853 1090 959 1133 res
1027 1074 1171 1132 tam
1239 1069 1374 1134 cito
1441 1069 1875 1151 inveteravit,
1952 1074 2031 1132 ut
2066 1067 2215 1153 jam
2282 1089 2438 1133 mox
2483 1066 2672 1132 nullo
2718 1067 2918 1131 modo

572 1173 864 1261 amplius
907 1174 1058 1240 tolli
1092 1175 1410 1262 potuerit.
1504 1176 1847 1240 Nimirum
1903 1175 1977 1239 in
2046 1174 2342 1239 deterius
2404 1196 2602 1240 versa
2642 1180 2745 1238 est
2793 1196 2918 1257 reS,

570 1302 724 1345 cum
767 1280 984 1369 Antip
992 1292 1138 1346 ater
1184 1303 1373 1348 anno·
1410 1284 1541 1347 319
1579 1280 2227 1369 Polysperchontem
2254 1302 2702 1347 successorem
2725 1302 2921 1344 suum

571 1388 922 1454 indicavit.
1014 1387 1461 1476 Antipatrum
1523 1395 1795 1454 tantum
1861 1410 2000 1453 non
2064 1410 2296 1453 omnes
2344 1409 2652 1475 proceres
2699 1387 2922 1451 Mace-

573 1494 780 1559 dones
849 1516 1264 1582 magnopere
1331 1495 1861 1578 reverebanturJ
1902 1495 1976 1559 in
2019 1492 2186 1559 Asia
2230 1515 2459 1559 coram
2504 1493 2923 1582 principibus

570 1608 640 1665 et
686 1601 986 1666 exercitu
1030 1608 1298 1667 creatus
1347 1609 1529 1685 erat3
1603 1600 1713 1666 vel
1760 1603 1907 1689 ipse
1949 1601 2338 1686 Antigonus
2383 1600 2546 1666 vivo
2592 1599 2711 1665 illo
2759 1600 2922 1665 ami-
2966 1604 2973 1611 ⁴

571 1706 802 1772 citiam
839 1729 1154 1795 rumpere
1204 1708 1604 1792 haesitavit3
1666 1717 1735 1773 et
1781 1708 2006 1774 studia
2053 1730 2174 1772 sua
2221 1707 2579 1772 ambitiosa
2623 1728 2923 1794 compes-

571 1815 731 1879 cuit.
801 1812 939 1880 Sed
1004 1813 1511 1903 Polysperchon
1573 1838 1711 1881 non
1758 1816 1815 1880 is
1860 1814 1995 1880 fuit
2040 1815 2158 1901 qui
2203 1814 2542 1902 principes
2588 1835 2667 1879 eo
2714 1815 2925 1878 addu-

570 1928 749 1986 ceret
797 1928 876 1986 ut
924 1929 1371 2007 agnoscerent
1407 1921 1521 2008 jus
1567 1922 1713 2008 ejus
1760 1922 2061 1988 universi
2085 1921 2355 2008 imperii
2381 1921 2922 1985 administrandi.

570 2027 681 2093 Ab
727 2029 1040 2094 omnibus
1077 2029 1135 2094 is
1182 2030 1583 2113 habebatur,
1634 2032 1773 2116 -qui
1814 2030 2022 2095 etiam
2068 2027 2222 2115 plus
2271 2028 2511 2092 merito
2557 2027 2926 2093 honoribus

570 2142 848 2199 ornatus
898 2141 1092 2219 esset,
1142 2136 1198 2200 si
1247 2137 1485 2201 eodem
1532 2137 1771 2202 ordine
1819 2142 1995 2201 esset
2042 2157 2122 2200 ac
2158 2134 2312 2222 ipsi,
2360 2134 2416 2199 si
2456 2136 2518 2199 ei
2540 2156 2829 2220 regnum
2851 2134 2925 2198 in

571 2241 848 2328 Europa
896 2241 1512 2308 administrandum
1574 2244 2006 2309 commissum
2070 2248 2279 2318 esset3
2350 2262 2658 2329 proceres
2705 2241 2928 2306 Mace-

576 2348 784 2413 dones
830 2371 970 2414 non
1041 2355 1312 2414 tantum
1380 2350 1570 2416 nullo
1639 2352 1843 2416 modo
1910 2351 1985 2415 id
2035 2349 2392 2435 agitabant
2435 2355 2511 2412 ut
2559 2349 2623 2412 ei
2670 2369 2927 2413 morem

570 2463 919 2540 gererent3
969 2463 1230 2539 contra,
1279 2457 1497 2543 major
1539 2480 1699 2545 pars
1766 2456 2109 2522 recusavit
2155 2477 2310 2520 eum
2357 2477 2739 2541 agnoscere,
2765 2453 2927 2519 Gas-

572 2563 818 2627 sander
860 2564 990 2628 hac
1065 2563 1139 2628 in
1182 2586 1256 2629 re
1331 2571 1565 2631 auctor
1610 2562 1747 2628 fuit
1790 2571 1861 2629 et
1906 2562 2314 2649 Antigonus,
2363 2562 2811 2648 Lysimachus
2860 2567 2930 2626 et

572 2668 1003 2735 Ptolemaeus
1052 2669 1438 2758 exemplum
1487 2670 1630 2758 ejus
1681 2671 1893 2736 secuti
1941 2675 2116 2735 sunt.

661 2773 979 2841 Ceterum
1049 2779 1353 2862 quaestio
1400 2777 1553 2862 fuit,
1620 2801 1787 2843 num
1847 2777 2216 2864 Antipatro
2254 2776 2369 2862 jus
2413 2776 2622 2841 fuerit
2668 2799 2928 2842 succes-

572 2905 791 2948 sorem
857 2883 1275 2949 nominandi.
1391 2884 1695 2951 Ubinam
1763 2885 1945 2949 enim
2009 2884 2143 2950 fuit
2205 2884 2526 2949 nobilitas
2599 2891 2668 2950 et
2734 2886 2930 2973 plebs

572 2989 1066 3055 Macedonica?

658 3095 862 3162 Anno
934 3097 1063 3161 322
1111 3103 1178 3161 et
1226 3099 1354 3162 321
1424 3099 1553 3164 hoc
1622 3120 2020 3186 responsum
2089 3099 2327 3163 datum
2396 3104 2580 3163 erat:
2653 3119 2791 3163 non
2855 3098 2933 3162 in

571 3202 993 3287 Macedonia,
1065 3205 1184 3269 sed
1253 3205 1327 3269 in
1400 3206 1681 3270 castris:
1752 3205 1945 3293 plebs
1995 3212 2095 3270 est
2142 3206 2472 3270 exercitus
2517 3206 2743 3290 regius
2767 3205 2839 3288 ¹),
2891 3228 2934 3270 a

574 3330 706 3395 quo
767 3331 872 3374 res
921 3311 1279 3376 dirimatur
1346 3318 1631 3399 oportet.
1703 3311 1984 3378 Nobiles
2046 3311 2163 3398 qui
2254 3311 2564 3376 absentes
2632 3309 2933 3395 fuerunt,

573 3417 1070 3482 contenderunt
1139 3418 1409 3484 decreta
1478 3419 1712 3484 Pellae
1759 3418 1945 3484 facta
1989 3418 2177 3485 nullo
2223 3419 2425 3484 modo
2474 3418 2561 3481 ad
2609 3440 2680 3482 se
2724 3418 2934 3504 perti-

572 3544 754 3587 nere.
846 3522 1036 3587 Haec
1109 3522 1394 3591 fortasse
1458 3549 1596 3591 una
1666 3548 1751 3591 ex
1820 3525 2038 3591 causis
2087 3524 2317 3607 fuerit,
2380 3546 2499 3589 cur
2542 3524 2936 3610 Antigonus

573 3628 1023 3716 Lysimachus
1118 3637 1185 3695 et
1253 3631 1685 3697 Ptolemaeus
1756 3632 2224 3697 recusaverint
2291 3631 2654 3717 quominus
2727 3628 2935 3716 Poly-

578 3737 1050 3823 sperchontem
1098 3745 1544 3823 agnoscerent
1589 3746 1667 3804 ut
1717 3760 2055 3804 summum
2077 3744 2588 3826 procuratorem
2632 3735 2722 3800 cf.
2748 3735 2936 3801 infra

574 3865 737 3930 pag.
792 3844 939 3908 125.

662 3950 814 4015 Duo
861 3949 997 4015 alia
1040 3951 1215 4015 vitia
1258 3973 1381 4039 per
1427 3958 1637 4017 semet
1683 3954 1836 4040 ipsa
1893 3974 2106 4038 aeque
2150 3951 2548 4038 periculosa,
2599 3971 2754 4014 cum
2802 3950 2937 4016 hoc

575 4056 796 4144 primo
845 4057 1014 4121 vitio
1061 4057 1416 4145 Antipatri
1462 4058 1934 4124 cohaerebant.
1982 4058 2355 4144 Antipater
2403 4063 2635 4121 auctor
2673 4053 2805 4119 fuit
2852 4063 2937 4120 ut

571 4184 769 4248 reges
793 4185 1061 4248 quoque
1085 4164 1323 4230 relicta
1337 4164 1505 4229 Asia
1526 4165 1640 4230 sed
1649 4187 1757 4228 em
1781 4166 1852 4229 in
1878 4164 2353 4229 Macedoniam
2369 4168 2935 4249 transportarent.

573 4270 944 4357 Imperium
1009 4272 1277 4356 regium
1338 4272 1468 4337 hac
1537 4272 1738 4336 unica
1808 4272 2196 4337 conditione
2260 4271 2577 4335 universo
2640 4269 2933 4357 imperio

641 4492 689 4564 1>
728 4492 889 4556 Diod.
928 4492 1011 4547 18.
1051 4493 1138 4546 30.
1171 4493 1238 4566 23
1277 4492 1359 4548 18.
1398 4493 1484 4548 36.
1521 4493 1573 4554 6.
