3338 5350
1535 527 1615 591 11

412 722 586 787 licae
632 745 673 787 a
717 721 1037 810 Philippo
1085 722 1359 788 sedatae
1394 734 1569 805 sunt,
1610 728 1971 809 postquam
1995 723 2471 807 gravissimum
2495 722 2749 787 bellum

411 827 705 894 feliciter
750 830 836 895 ad
861 829 1068 895 finem
1089 829 1423 917 perduxit.
1452 830 1734 894 Licetne
1759 830 2079 917 suspicari
2103 828 2456 895 cohaerere
2480 831 2657 895 inter
2682 851 2752 894 se

412 936 582 1001 haec
627 935 828 1019 bella,
867 936 941 1000 in
979 935 1366 1020 regionibus
1411 935 1717 1000 finitimis
1743 936 1979 1001 eodem
2002 934 2144 1000 fere
2168 942 2491 1024 tempore,
2518 944 2751 1003 contra

414 1043 706 1107 eundem
750 1043 1013 1107 hostem
1057 1049 1252 1128 gesta
1268 1042 1299 1106 P
1321 1041 1463 1107 Sub
1486 1042 1535 1107 J
1538 1063 1743 1107 asone
1765 1041 2139 1107 Pherarum
2162 1049 2455 1128 tyranno
2478 1042 2750 1110 Alcetas

411 1149 607 1236 Epiri
633 1170 752 1214 rex
787 1148 1245 1214 Thessaliotae
1272 1149 1769 1233 quodammodo
1794 1147 2134 1234 subjectus
2160 1157 2306 1214 erat
2342 1152 2414 1234 1).
2442 1149 2748 1215 Potestas

410 1263 859 1342 tyrannorum
923 1256 1368 1321 Pherensium
1437 1277 1598 1320 sane
1642 1257 1857 1321 fracta
1904 1263 2046 1320 erat
2095 1279 2134 1320 a
2181 1256 2520 1321 Thebanis
2571 1279 2749 1322 anno

415 1364 565 1446 364,
631 1370 860 1428 tamen
903 1370 1058 1450 post
1101 1362 1478 1428 Alexandri
1524 1363 1802 1449 tyranni
1851 1371 2136 1428 mortem
2183 1384 2360 1429 anno
2404 1365 2536 1429 359
2582 1364 2751 1428 haec

414 1471 636 1536 denuo
684 1492 976 1536 crescere
1012 1470 1252 1557 coepit.
1280 1470 1620 1536 Nobilitas
1644 1477 1714 1534 et
1735 1477 1972 1556 gentes
1998 1470 2421 1536 Thessalicae
2445 1470 2748 1558 Philippi

413 1579 738 1643 auxilium
785 1578 1278 1643 invocaverunt
1323 1585 1558 1643 contra
1600 1584 1928 1663 tyrannos
1974 1576 2246 1643 foedere
2284 1577 2555 1664 junctos
2594 1599 2749 1642 cum

411 1683 888 1750 Phocensibus.
938 1684 1297 1772 Philippus
1346 1685 1429 1749 iis
1477 1684 1803 1750 auxilium
1847 1684 2027 1769 tulit,
2054 1707 2196 1750 sese
2232 1685 2304 1749 in
2327 1684 2745 1772 periculosis·

412 1792 657 1856 simum
723 1791 977 1857 bellum
1046 1792 1354 1875 involvit,
1425 1792 1707 1857 tandem
1754 1813 1931 1857 anno
1975 1793 2106 1856 352
2155 1793 2371 1858 victor
2415 1792 2633 1856 evasit
2680 1798 2748 1855 et

408 1920 516 1963 res
564 1898 949 1963 Thessaliae
995 1897 1444 1963 confirmavit.
1494 1898 1763 1963 Deinde
1810 1899 2240 1986 expeditione
2289 1898 2361 1962 in
2386 1898 2744 1963 Thraciam

409 2003 614 2087 facta,
682 2004 1072 2091 Arrybbam
1116 2005 1472 2092 Epirotam
1516 2005 1697 2070 bello
1768 2027 2123 2091 aggressus
2170 2011 2288 2069 est.
2340 2005 2381 2069 J
2387 2027 2498 2068 am
2544 2027 2746 2092 supra

410 2112 707 2177 vidimus
774 2112 1097 2198 Arybbae
1158 2111 1418 2177 nullam
1477 2134 1752 2178 causam
1798 2110 2007 2177 fuisse
2051 2134 2171 2177 cur
2216 2112 2546 2178 amicitias
2591 2133 2744 2175 cum

407 2218 732 2307 Philippo
799 2225 1086 2304 gereret,
1159 2220 1712 2305 quandoquidem
1782 2219 2172 2285 Macedonis
2244 2220 2606 2285 auctoritas
2675 2220 2746 2283 in

409 2326 620 2413 Epiro
665 2332 818 2413 post
863 2326 1066 2412 hujus
1114 2326 1639 2410 matrimonium,
1690 2326 2014 2413 Arybbae
2059 2327 2464 2393 detrimento
2483 2335 2492 2344 “
2510 2327 2741 2392 crevit.

408 2432 589 2511 Quid
634 2434 859 2499 obstat
882 2433 1242 2518 quominus
1269 2434 1685 2521 suspicemur
1706 2433 2121 2500 Thessalicos
2145 2441 2491 2522 tyrannos,
2520 2434 2746 2521 aliquo

405 2541 611 2606 modo
656 2541 1118 2625 redintegrato
1158 2540 1429 2605 vinculo
1469 2562 1624 2605 cum
1667 2541 1972 2628 Epirota,
2023 2540 2141 2627 qui
2184 2563 2366 2606 nunc
2388 2548 2619 2606 tamen
2663 2542 2745 2606 iis

405 2669 547 2713 non
593 2646 881 2736 amplius
928 2647 1254 2713 obnoxius
1301 2645 1434 2711 fuit
1477 2653 1556 2712 ut
1594 2654 1815 2730 antea,
1843 2648 1928 2713 ab
1953 2669 2034 2714 eo
2059 2648 2388 2714 auxilium
2413 2648 2746 2737 accepisse

405 2761 645 2821 contra
690 2776 1117 2821 communem
1153 2754 1464 2820 hostem?
1485 2755 2017 2843 Philippumque
2042 2756 2292 2822 sedatis
2315 2757 2516 2822 rebus
2540 2756 2745 2822 Thes-

404 2863 628 2928 salicis
696 2869 764 2928 et
831 2861 1195 2946 Thracicis‚
1268 2863 1353 2927 ab
1400 2861 1688 2948 Arybba
1731 2884 1985 2950 poenas
2033 2864 2442 2951 sumpsisse?
2507 2864 2746 2951 Neque

402 2991 550 3034 rem
615 2968 940 3056 Arybbae
989 2968 1245 3056 optime
1293 2970 1599 3035 evenisse
1645 2970 1972 3058 suspicari
2019 2971 2253 3049 ausim,
2305 2972 2422 3056 qui
2466 2971 2746 3036 tandem

404 3077 641 3141 decem
688 3076 881 3141 annis
927 3082 1102 3163 post,
1149 3097 1304 3142 cum
1350 3076 1743 3142 Alexander
1785 3077 2036 3163 viginti
2083 3100 2293 3144 annos
2322 3085 2522 3143 natus
2550 3086 2740 3162 esset,

402 3206 446 3247 a
491 3183 803 3270 Philippo
849 3205 1060 3268 regno
1103 3183 1339 3270 pulsus
1365 3190 1484 3267 est,
1510 3184 1988 3250 verosimiliter
2006 3185 2314 3251 Athenas
2340 3207 2409 3250 se
2432 3185 2741 3259 contulit,

401 3312 558 3355 cum
605 3289 995 3355 Alexander
1039 3312 1158 3354 rex
1205 3290 1399 3377 Epiri
1447 3289 1667 3356 factus
1715 3291 1804 3356 sit
1832 3293 1906 3375 2).
1932 3293 2172 3378 Neque
2194 3293 2395 3357 modo
2420 3292 2741 3379 Arybbae

397 3419 688 3483 regnum
757 3420 797 3461 a
854 3396 1176 3485 Philippo
1231 3396 1623 3463 Alexandro
1673 3400 1909 3464 datum
1959 3405 2078 3481 est,
2124 3400 2431 3485 regiones
2472 3421 2739 3485 quoque

398 3505 488 3569 ad
552 3525 736 3569 mare
805 3524 1016 3589 usque
1083 3504 1520 3591 pertinentes,
1585 3506 1720 3570 tria
1780 3507 2035 3594 oppida
2112 3506 2472 3594 Cassopiae
2530 3507 2741 3594 Epiro

398 3609 871 3697 adjunguntur
907 3612 981 3695 3).

494 3716 568 3781 Si
612 3717 944 3782 rationem
996 3716 1324 3783 habemus
1380 3718 1466 3783 de
1487 3718 1794 3806 Philippi
1816 3720 2049 3785 indole
2086 3727 2615 3785 consentaneum
2639 3727 2741 3785 est

395 3823 748 3909 conjicere,
821 3845 976 3889 eum
1045 3846 1184 3890 non
1250 3825 1461 3911 gratis
1530 3825 1759 3891 uxoris
1805 3824 2087 3891 fratrem
2133 3827 2342 3892 tantis
2388 3826 2731 3892 beneficiis

443 4028 493 4089 1)
530 4030 777 4100 Xenoph.
817 4029 957 4085 Hell.
995 4030 1044 4084 6.
1087 4031 1134 4084 1.
1179 4031 1229 4082 7.

445 4118 496 4185 2)
528 4119 607 4173 De
660 4119 913 4189 Arybbae
967 4123 1117 4174 sorte
1171 4120 1237 4174 cf.
1276 4120 1479 4175 -Justin
1534 4121 1582 4173 7.
1638 4121 1689 4174 6.
1752 4120 1844 4188 123
1901 4119 1949 4173 8.
2013 4121 2063 4174 6.
2122 4121 2169 4175 7.
2228 4120 2446 4192 Trogus
2482 4122 2629 4176 Prol.
2682 4121 2733 4176 8.

387 4207 631 4263 Dittenb.
674 4207 805 4277 Syll.
846 4207 962 4262 138.
1004 4208 1264 4263 Schaefer
1298 4208 1346 4261 2.
1385 4207 1490 4262 425
1527 4226 1644 4277 sqq.
1686 4210 1935 4278 Droysen
1973 4210 2019 4263 1.
2062 4209 2108 4264 1.
2149 4209 2233 4263 89.

442 4296 490 4365 3)
530 4297 810 4351 Demosth.
869 4297 954 4350 84.
993 4298 1078 4351 21.
1128 4295 1213 4348 ἐπὶ
1247 4295 1290 4347 δ’
1304 4296 1612 4361 Ἀμβρακίαν
1650 4294 1990 4360 στρατεύεται,
2025 4300 2124 4359 τὰς
2161 4296 2253 4349 δ’ὲν
2296 4302 2572 4367 Κασσωπίᾳ
2609 4303 2737 4364 τρεῖς

384 4388 568 4444 πόλεις,
623 4383 899 4434 Πανδοσίαν
953 4382 1037 4436 καὶ
1089 4384 1340 4449 Βούχεταν
1392 4384 1477 4437 καὶ
1516 4387 1777 4439 Ἐλάτειαν
1816 4387 2019 4439 Ἠλείων
2056 4386 2289 4444 ἀποικίας
2310 4427 2320 4436 .
2346 4429 2356 4439 .
2379 4428 2392 4443 ,
2417 4429 2429 4442 .
2472 4388 2736 4454 παρέδωκεν

392 4470 692 4538 Ἀλεξάνδρῳ
729 4472 976 4526 δουλεύειν.
