3338 5350
1722 534 1852 599 158

615 736 969 815 tamquam
1028 731 1164 795 vici
1210 731 1664 796 Demetriadis
1709 730 2028 795 habenda
2073 738 2231 797 sunt
2257 732 2329 815 1).
2421 732 2514 797 Et
2558 754 2696 799 non
2742 733 2960 800 solum

504 845 513 851 “
619 838 739 902 illa
783 838 1056 925 oppida,
1099 840 1299 903 etiam
1348 841 1655 924 regiones
1708 837 2255 924 Septentrionem
2299 862 2534 905 versus
2578 840 2845 905 Pelium
2892 848 2961 906 et

621 943 807 1028 Ossa,
878 945 1078 1009 vallis
1145 946 1401 1032 Tempe
1467 946 1887 1011 Demetriadi
1960 945 2284 1030 adjuncta
2352 952 2511 1011 sunt
2549 948 2621 1020 2).
2726 946 2958 1011 Facile

617 1052 746 1116 hac
813 1051 978 1116 urbe
1047 1051 1464 1117 Thessaliam
1517 1052 1830 1117 cohibere
1872 1053 2117 1140 potuit,
2165 1074 2321 1117 cum
2365 1054 2607 1118 eodem
2654 1061 2959 1141 tempore

617 1158 1020 1246 paeninsula
1084 1159 1439 1244 Magnesia
1504 1160 1678 1223 mari
1744 1159 1876 1223 illis
1921 1159 1994 1223 in
2036 1160 2424 1245 regionibus
2475 1160 2956 1244 dominaretur,

619 1287 774 1330 cum
820 1265 1015 1331 simul
1056 1268 1336 1331 navium
1384 1267 1584 1331 statio
1629 1267 2065 1331 Demetriade
2111 1268 2478 1332 constituta
2526 1273 2699 1331 esset
2725 1266 2795 1349 3).

705 1372 903 1437 Bella
928 1449 936 1462 ,
962 1374 1283 1437 continua
1328 1396 1369 1437 a
1413 1374 1759 1439 Demetrio
1805 1380 1999 1459 gesta
2043 1380 2219 1457 sunt,
2268 1374 2433 1437 dum
2475 1396 2763 1459 regnum
2812 1374 2958 1459 ejus

617 1481 691 1544 in
733 1479 1010 1567 Europa
1058 1481 1264 1562 stetit,
1312 1482 1380 1544 et
1426 1503 1580 1545 cum
1626 1482 1898 1546 Boeotis
1937 1503 2113 1566 quae
2151 1480 2298 1565 jam
2342 1480 2536 1545 initio
2583 1481 2775 1566 regni
2801 1481 2957 1545 sub-

610 1586 776 1672 jecti
846 1587 1090 1651 iterum
1157 1594 1362 1672 atque
1429 1590 1676 1653 iterum
1744 1589 2124 1673 insurgunt,
2162 1588 2264 1663 ‘et
2331 1610 2485 1653 cum
2552 1587 2817 1674 Pyrrho
2888 1595 2961 1652 et

616 1694 894 1759 Aetolis.
968 1693 1098 1758 Vel
1165 1695 1663 1781 expeditionem
1725 1694 1888 1759 fecit
1929 1702 1999 1758 in
2045 1695 2433 1759 Leucadem
2479 1703 2548 1759 et
2594 1694 2960 1781 Corcyram

616 1802 871 1867 insulas
920 1811 1005 1868 a0.
1054 1801 1187 1866 290
1231 1800 1373 1867 fere
1400 1801 1474 1887 4),
1529 1802 1675 1888 jam
1719 1802 1912 1867 initio
1956 1804 2150 1888 regni
2195 1809 2476 1868 conatus
2525 1810 2626 1866 est
2673 1803 2957 1887 aggredi

618 1911 1119 1997 Lysimachum.

709 2017 845 2083 Sed
914 2018 1172 2082 bellum
1241 2018 1422 2102 quod
1509 2019 1756 2082 exarsit
1826 2039 2006 2082 anno
2073 2019 2206 2083 289
2295 2017 2474 2082 inter
2541 2016 2818 2083 Aetolos
2887 2024 2960 2082 et

617 2126 1039 2191 Demetrium
1109 2147 1310 2190 causa
1379 2125 1696 2189 interitus
1767 2123 1910 2210 ejus
1974 2123 2123 2189 fuit.
2215 2123 2443 2189 Aetoli
2515 2147 2553 2189 a
2599 2146 2759 2210 rege
2812 2126 2958 2190 acie

617 2234 779 2297 victi
849 2233 1127 2318 quidem
1187 2238 1364 2315 sunt,
1437 2232 1555 2296 sed
1626 2231 1711 2296 ab
1786 2231 1999 2296 altera
2062 2238 2261 2319 parte
2328 2238 2600 2318 praetor
2667 2233 2812 2317 ejus
2880 2232 2960 2296 in

616 2340 902 2427 Epirum
995 2347 1230 2405 contra
1317 2339 1677 2424 Pyrrhum,
1747 2338 2145 2404 Aetolorum
2236 2339 2511 2422 socium,
2586 2338 2957 2426 profectUS,

616 2448 958 2535 repulsam
1025 2447 1186 2512 tulit
1257 2453 1324 2511 et
1393 2446 1587 2510 clade
1657 2444 1939 2510 affectus
1987 2454 2104 2510 est,
2196 2445 2386 2510 Haec
2431 2468 2535 2510 res
2586 2446 2959 2511 admodum

616 2556 956 2620 imminuit
1025 2555 1496 2619 auctoritatem
1561 2554 1741 2639 regis
1809 2575 1982 2638 quae
2023 2553 2169 2638 jam
2216 2553 2504 2619 antehac
2561 2553 2634 2616 in
2682 2574 2758 2617 eo
2809 2559 2960 2617 erat

615 2670 696 2729 ut
739 2661 1205 2745 collaberetur,
1251 2662 1648 2748 praesertim
1690 2665 1971 2748 propter
2027 2661 2348 2726 continua
2392 2660 2574 2726 bella
2632 2660 2763 2747 ipsi
2810 2659 2960 2724 Ma-

618 2771 941 2835 cedoniae
1010 2791 1261 2854 magna
1346 2769 1796 2851 incommoda,
1889 2766 2151 2832 nullam
2218 2767 2507 2852 gloriam
2575 2767 2956 2832 afferentia.

615 2878 903 2964 Insuper
968 2877 1166 2940 luxus
1227 2875 1423 2940 aulae
1479 2875 1728 2960 regiae,
1779 2873 2096 2960 superbia
2120 2875 2335 2959 -regiS,
2383 2872 2683 2938 difficilis
2731 2874 2958 2939 aditus

617 2990 721 3048 tot
766 3004 1008 3048 causae
1054 2983 1361 3047 odiorum
1398 2981 1471 3044 in
1516 3004 1671 3046 eum
1716 2980 2013 3046 fuerunt.
2058 2982 2303 3067 Itaque
2346 3002 2503 3046 cum
2545 2982 2617 3046 in
2643 2981 2959 3047 morbum

617 3090 982 3172 incidisset,
1054 3089 1357 3174 Pyrrhus
1425 3095 1706 3154 conatus
1767 3095 1869 3154 est
1912 3089 2240 3153 invadere
2282 3087 2771 3171 Macedoniam,
2828 3109 2958 3152 nec

617 3204 847 3262 tamen
894 3197 1241 3261 Demetrio
1283 3218 1411 3283 par
1456 3202 1618 3260 erat.
1712 3195 2086 3282 Repulsam
2132 3194 2293 3260 tulit
2349 3196 2653 3283 Epirota,
2700 3195 2958 3260 reverti

617 3311 688 3369 et
731 3326 970 3392 pacem
1014 3302 1236 3368 facere
1284 3324 1437 3367 cum
1482 3302 1831 3368 Demetrio
1878 3308 2148 3367 coactus
2196 3312 2314 3382 est,
2364 3303 2483 3387 qui
2522 3308 2748 3367 autem
2771 3323 2957 3366 nunc

622 3412 682 3475 ei
743 3410 1013 3498 publice
1062 3409 1460 3475 concessisse
1507 3408 1782 3473 videtur
1818 3409 2202 3495 provincias
2242 3408 2690 3474 occidentales
2738 3408 2823 3474 ab
2874 3431 2955 3475 eo

610 3519 756 3603 jam
822 3518 985 3581 inde
1054 3517 1138 3581 ab
1209 3537 1386 3581 anno
1435 3516 1567 3580 294
1636 3526 2016 3603 occupatas.
2108 3517 2670 3603 Praeparationes
2725 3521 2957 3580 autem

616 3625 985 3689 immensae
1030 3622 1476 3710 expeditionis
1517 3645 1722 3708 quam
1768 3631 2002 3688 contra
2048 3621 2285 3686 Asiam
2336 3621 2560 3687 facere
2605 3623 2678 3686 in
2726 3622 2956 3688 animo

618 3731 915 3797 habebat
959 3730 1352 3813 Poliorceta,
1401 3730 1643 3796 classes
1707 3752 1880 3815 quae
1926 3730 2000 3794 in
2046 3729 2304 3812 Piraeo,
2375 3726 2701 3813 Corinthi,
2752 3726 2956 3793 Chal-

615 3839 765 3904 cide
812 3846 879 3902 et
918 3837 1149 3902 Pellae
1193 3836 1627 3919 ornabantur,
1698 3837 2010 3902 immanis
2073 3836 2402 3901 exercitus
2449 3837 2565 3921 qui
2610 3837 2956 3921 cogendus

673 4063 721 4127 1)
762 4063 961 4118 Strabo
999 4062 1119 4115 436.
1157 4061 1304 4116 Plut.
1344 4062 1496 4115 Dem.
1536 4061 1621 4115 53.

671 4153 720 4217 2)
760 4152 959 4207 Strabo
996 4152 1069 4205 l.l.
1109 4150 1365 4213 ἐπεκράτει
1404 4149 1456 4199 δὲ
1491 4149 1579 4199 καὶ
1617 4154 1713 4199 τῶν
1750 4156 1956 4213 Τεμπῶν
1992 4149 2078 4199 καὶ
2113 4154 2208 4199 τῶν
2232 4150 2342 4212 ὀρῶν
2362 4148 2562 4212 ἀμφοῖν,
2579 4148 2732 4213 ὥσπερ
2747 4147 2959 4211 &lpum-ae,

619 4244 709 4290 τοῦ
744 4258 801 4290 τε
836 4240 1023 4297 Πηλίου
1060 4239 1146 4289 καὶ
1179 4243 1271 4297 τῆς
1304 4240 1494 4297 Ὄσσης
1531 4240 1597 4293 cf.
1634 4240 1799 4294 Paus.
1839 4240 1888 4292 7.
1928 4239 1976 4292 7.
2014 4238 2049 4291 3
2085 4239 2123 4292 i.
2161 4239 2196 4292 f.
2217 4238 2371 4292 Diod.
2392 4238 2456 4291 fr.
2477 4238 2583 4291 643
2617 4236 2958 4300 Δημητριάδα

618 4333 800 4386 πόλεως
836 4327 1135 4382 Μακεδόνων.
1243 4388 1246 4389 ⁷
2586 4344 2589 4351 “

671 4419 721 4486 3)
760 4419 959 4473 Strabo
998 4420 1071 4472 1.1.

670 4507 718 4577 4>
757 4511 822 4562 cf.
861 4527 911 4562 v.
951 4509 1246 4563 Wilamow.
1285 4526 1337 4577 p.
1375 4509 1476 4560 241
1517 4525 1632 4574 sqq.
1673 4508 1849 4562 Niese.
1889 4508 1938 4560 1.
1976 4508 2078 4560 371
2118 4523 2241 4561 ann.
2280 4508 2329 4560 3.
