3338 5350
1780 474 1870 538 28

656 668 947 733 lominus
986 670 1163 733 cives
1209 668 1452 735 Graeci
1490 678 1904 755 manserunt,
1930 671 2119 736 nullo
2159 672 2359 737 modo
2398 671 2802 737 Macedones
2827 670 2996 736 facti

658 780 817 839 sunt
841 775 894 857 1)
944 777 1147 840 immo
1194 777 1354 840 socii
1391 777 1832 842 Macedoniae
1858 777 2291 865 appellantur
2315 777 2536 860 (Diod.
2568 779 2670 842 17.
2697 779 2828 860 71).
2853 778 2992 843 Res

656 884 963 949 internae
1031 890 1259 947 autem
1327 883 1412 948 ab
1480 885 1640 971 ipsis
1702 885 1962 951 civibus
2003 886 2671 966 administrabantur,
2721 888 2993 951 tametsi

657 990 884 1055 omnia
946 990 1035 1054 ad
1072 996 1314 1055 nutum
1363 997 1430 1055 et
1474 992 1902 1058 voluntatem
1948 994 2126 1078 regis
2172 992 2449 1075 fiebant,
2497 1014 2622 1081 per
2667 991 2992 1057 factiones

658 1096 965 1184 politicas
1010 1102 1087 1161 ut
1131 1097 1403 1163 videtur
1449 1100 1811 1164 auctoritas
1860 1098 2005 1183 ejus
2032 1100 2237 1164 etiam
2260 1099 2361 1164 his
2387 1101 2458 1164 in
2482 1099 2643 1165 locis
2669 1099 2886 1164 valuit
2916 1100 2989 1184 2).

746 1202 978 1269 Status
1047 1210 1276 1270 autem
1341 1205 1584 1269 harum
1653 1206 1923 1271 urbium
2001 1207 2256 1294 optime
2323 1208 2701 1294 comparari
2768 1211 2993 1293 potest

658 1334 811 1376 cum
857 1318 1039 1376 statu
1081 1312 1460 1377 civitatium
1506 1312 1978 1377 dediticiamm
2023 1313 2135 1378 vel
2177 1313 2771 1401 stipendiariamm
2818 1336 2991 1400 quae

655 1416 933 1482 fuerunt
976 1420 1047 1482 in
1092 1419 1458 1507 provinciis
1504 1418 1741 1507 populi
1784 1420 2079 1485 Romani
2124 1423 2195 1502 3).

741 1524 985 1611 Itaque
1027 1526 1383 1614 Philippus
1451 1548 1600 1592 oras
1671 1528 2040 1592 maritimas
2112 1526 2438 1592 Thraciae
2482 1528 2612 1592 hoc
2657 1528 2856 1593 modo
2903 1528 2988 1593 ad

654 1655 725 1697 se
770 1634 994 1717 traxit,
1044 1633 1131 1698 ad
1178 1633 1450 1699 Granum
1515 1655 1728 1719 usque
1788 1634 2096 1699 dominus
2144 1635 2412 1720 agnitus
2458 1641 2575 1699 est.
2671 1633 2809 1700 Sed
2853 1636 2990 1721 By-

654 1741 957 1805 zantium
1019 1747 1210 1806 extra
1279 1742 1668 1806 societatem
1737 1762 1879 1806 sese
1947 1742 2017 1805 in
2061 1739 2446 1807 libertatem
2492 1742 2870 1820 vindicavit
2916 1735 3015 1828 4)‚‘

654 1867 809 1911 cum
879 1848 1024 1934 ipse
1087 1847 1571 1934 OersoblepteS‚
1637 1848 1894 1912 amissis
1965 1853 2067 1912 tot
2135 1847 2541 1933 regionibu3‚
2607 1847 2752 1933 jam
2812 1871 2991 1914 nunc

656 1960 924 2019 coactus
998 1961 1173 2020 esset
1238 1954 1496 2020 tributa
1562 1952 1742 2018 ferre
1794 1954 1845 2037 5)
1896 1955 2118 2019 denuo
2163 1952 2468 2042 Philippi
2529 1956 2991 2043 principatum

657 2082 1036 2146 agnoscere.
1085 2061 1297 2127 Filius
1346 2069 1573 2127 autem
1619 2062 1845 2147 regius
1884 2061 2075 2126 obses
2101 2062 2173 2125 in
2195 2061 2596 2127 Macedonia
2618 2063 2866 2127 mansit
2919 2062 2969 2146 ⁶)

745 2168 1211 2256 Cersobleptes
1276 2169 1407 2234 hoc
1474 2168 1674 2233 modo
1745 2167 2065 2255 Philippo
2137 2167 2464 2233 obnoxius
2520 2166 2762 2252 factus,
2846 2173 2990 2255 regi

617 2289 620 2293 ’
654 2297 792 2341 non
840 2297 917 2340 eo
965 2298 1176 2361 usque
1219 2275 1639 2342 oboedivisse
1692 2275 1967 2340 videtur
2011 2285 2087 2341 ut
2130 2274 2287 2340 huic
2343 2276 2417 2339 in
2461 2277 2644 2341 omni
2691 2298 2766 2341 re
2813 2277 2989 2341 dicto

657 2384 937 2448 audiens
983 2381 1208 2467 fuerit,
1255 2389 1510 2465 contra,
1563 2403 1740 2447 anno
1788 2383 1918 2447 342
1968 2381 2241 2448 foedere
2289 2381 2566 2468 junctus
2615 2405 2771 2448 cum
2821 2383 2988 2449 Tere

656 2489 929 2555 alterius
995 2492 1217 2575 gentis
1287 2489 1649 2556 Thracicae
1717 2510 1896 2574 rege,
1963 2489 2164 2554 urbes
2229 2490 2300 2553 in
2362 2490 2492 2554 oris
2539 2490 2893 2554 maritimis
2951 2513 2990 2554 a

653 2596 972 2686 Philippo
1032 2598 1376 2685 occupatis
1435 2596 1617 2662 bello
1706 2596 2045 2662 lacessivit
2090 2597 2161 2680 7),
2241 2597 2408 2661 adeo
2488 2603 2562 2660 ut
2632 2595 2989 2685 Philippus

655 2712 922 2771 coactus
974 2712 1146 2771 esset
1184 2706 1430 2771 iterum
1455 2727 1597 2771 sese
1621 2711 1889 2770 vertere
1911 2706 1981 2769 in
2005 2705 2381 2787 Thraciam,
2424 2704 2540 2770 ubi
2564 2726 2756 2790 reges
2783 2706 2989 2769 socios

654 2811 960 2900 pluribus
1008 2812 1312 2878 cladibus
1384 2813 1613 2878 affecit
1679 2834 1928 2899 eosque
1983 2818 2374 2899 persecutus
2423 2817 2523 2876 est
2568 2813 2640 2876 in
2686 2812 2990 2897 regiones

655 2919 1196 3002 mediterraneaS,
1248 2920 1462 2985 donec
1506 2919 1784 2984 tandem
1832 2940 1942 2984 eos
1987 2919 2211 3004 regnis
2258 2920 2392 2983 suis
2436 2918 2703 3006 pepulit
2724 2918 2794 3001 ⁸),
2829 2919 2988 3006 ipsis

652 3025 968 3112 gentibus
1039 3026 1330 3091 decimas
1397 3026 1880 3114 persolvendas
1944 3026 2264 3113 imposuit
2307 3024 2379 3112 9).
2491 3025 2636 3103 Quo
2705 3046 2988 3111 regnum

656 3154 851 3198 suum
898 3132 1344 3218 confirmaret,
1393 3154 1527 3220 quo
1582 3132 1938 3198 Thracicas
1954 3138 2194 3219 gentes
2218 3131 2583 3215 cohiberet,
2611 3153 2749 3198 non
2772 3132 2986 3197 solum

655 3239 994 3315 nobilibus
1059 3239 1545 3305 Macedonibus
1593 3261 1789 3325 agros
1834 3240 1906 3304 in
1945 3239 2232 3305 Thracia
2275 3239 2450 3305 dono
2499 3238 2687 3303 dedit
2725 3236 2823 3321 ¹⁰),
2873 3237 2984 3301 sed

705 3455 752 3523 1)
789 3455 984 3509 Arrian
1006 3454 1050 3507 1.
1076 3455 1158 3508 11.
1179 3454 1227 3506 4.
1265 3452 1492 3516 ’Ἄβδηρα
1529 3453 1617 3507 καὶ
1653 3450 1931 3515 Μαρώνειαν
1969 3455 2132 3510 πόλεις
2169 3450 2472 3509 Ἑλληνίδας.
2516 3452 2704 3506 Indica
2729 3450 2813 3506 18.
2834 3452 2882 3504 7.

707 3544 753 3611 2)
792 3543 1079 3599 Demosssh.
1120 3543 1237 3596 218.
1276 3543 1345 3596 10
1378 3546 1434 3596 et
1466 3543 1618 3597 1334.
1660 3543 1729 3597 10
1763 3539 1811 3592 ἐν
1830 3539 1900 3599 οἷς
1919 3542 2069 3603 οἱμὲν
2088 3536 2408 3604 ἐφιλίππιζον
2427 3543 2477 3591 οἱ
2491 3536 2796 3601 δ’ἧττίκιζον
2817 3538 2987 3590 αὐτῶν.

657 3635 760 3699 (De
796 3634 991 3697 Aeno).

703 3722 752 3789 3)
790 3722 1031 3777 Willems
1067 3721 1225 3775 Droit
1259 3721 1454 3775 Public
1490 3721 1726 3785 Romaiu
1771 3720 1892 3774 362.

706 3811 756 3875 4)
790 3811 1072 3866 Demosth.
1111 3809 1197 3862 63.
1237 3809 1320 3862 19.

706 3902 756 3969 5)
791 3900 948 3956 Diod.
988 3901 1073 3955 16.
1110 3899 1195 3952 71.
1233 3899 1283 3952 2.

714 3990 762 4059 6)
798 3990 1048 4046 Aeschin.
1085 3991 1313 4059 Parapr.
1350 3988 1435 4042 81.

709 4079 755 4142 7)
791 4079 948 4135 Diod.
988 4079 1071 4133 16.
1110 4079 1194 4132 71.
1234 4081 1280 4132 1.

707 4168 756 4232 8)
792 4169 1073 4223 Demosth.
1132 4168 1248 4222 161.
1306 4168 1389 4221 15.
1444 4162 1711 4229 κομίζεσθε
1763 4166 1848 4216 καὶ
1899 4173 2011 4228 παρ’
2049 4167 2169 4227 ἐμοῦ
2216 4169 2303 4226 τὴν
2340 4162 2528 4231 Θρᾴκην
2562 4164 2675 4221 ὅσης
2711 4162 2863 4227 Τήρης
2897 4160 2976 4211 καὶ

658 4258 1022 4320 Κερσοβλέπτης
1058 4255 1215 4319 ἦρχεν.
1251 4257 1464 4311 Arrian.
1502 4257 1550 4310 7.
1589 4257 1639 4309 9.
1677 4256 1727 4309 3.

707 4347 754 4416 9)
792 4346 948 4400 Diod.
986 4347 1057 4401 Ll.

681 4436 755 4505 10)
794 4436 1056 4492 Schaefer
1091 4435 1140 4489 2.
1183 4434 1305 4489 449.
