3338 5350
1544 541 1624 605 17

408 744 564 802 sent
585 736 657 821 1),
703 735 860 802 Non
923 742 1084 801 ante
1144 759 1398 802 annum
1464 738 1589 802 197
1634 738 1809 803 ratio
1855 759 2025 823 quae
2068 738 2531 804 intercedebat
2568 739 2748 805 inter

411 844 820 910 Macedones
868 849 937 908 et
983 843 1398 909 Thessaliam
1446 851 1710 911 mutata
1758 852 1860 910 est
1880 848 1948 928 2).

1299 1225 1338 1303 ἕ
1385 1223 1448 1291 5.
1499 1219 1586 1288 De
1637 1218 1876 1288 insulis.

500 1419 666 1483 Post
709 1439 1015 1505 pugnam
1062 1417 1242 1504 apud
1286 1413 1748 1481 Chaeroneam
1790 1438 1967 1481 anno
2011 1418 2165 1501 338,
2190 1439 2344 1483 cum
2388 1439 2526 1505 pax
2571 1417 2753 1482 inter

407 1525 807 1613 Philippum
889 1531 958 1589 et
1017 1523 1310 1589 Graecos
1378 1522 1563 1588 facta
1625 1528 1745 1607 est,
1817 1546 2030 1610 aeque
2098 1546 2175 1589 ac
2230 1546 2334 1589 res
2404 1524 2750 1590 Graeciae.

407 1655 516 1697 res
586 1631 966 1695 maritimae
1009 1631 1319 1695 firmatae
1379 1638 1555 1695 sunt.
1603 1616 2053 1695 Athenienses
2099 1631 2281 1695 enim
2325 1631 2752 1697 retinuerunt

410 1738 738 1824 majorem
798 1745 1064 1824 partem
1132 1737 1508 1802 insularum
1568 1759 1744 1822 quae
1790 1742 1993 1802 antea
2035 1738 2118 1802 iis
2158 1737 2490 1803 obnoxiae
2535 1744 2749 1820 erant,

413 1869 571 1912 cum
629 1845 953 1933 Philippo
998 1843 1559 1930 adjudicarentur
1614 1844 1878 1909 insulae
1925 1843 2260 1928 SciathuS,
2308 1845 2749 1932 Peparethus,

411 1952 566 2018 Icus
638 1953 946 2036 aliaeque
1011 1958 1291 2039 propter
1354 1951 1780 2036 Magnesiam
1828 1952 2017 2035 sitae,
2058 1953 2225 2017 item
2265 1958 2341 2017 ut
2388 1952 2636 2038 Scyrus
2684 1959 2753 2016 et

413 2059 844 2125 Halonnesus
868 2061 942 2139 3).

516 2423 555 2500 ἓ
602 2417 667 2486 6.
734 2418 821 2486 De
885 2415 1157 2485 coloniis
1205 2384 1466 2485 Graecis
1513 2417 1570 2485 in
1619 2416 1987 2486 Macedonia
2029 2417 2207 2503 sitis;
2254 2416 2641 2502 chalcidice;

879 2533 958 2602 de
1005 2532 1262 2601 urbibus
1309 2532 1365 2600 in
1414 2533 1544 2601 oris
1592 2533 1915 2602 maritimis
1960 2533 2289 2603 Thraciae.

505 2752 682 2815 Dum
758 2750 1117 2837 Philippus
1202 2750 1287 2815 ab
1368 2748 1734 2815 Occidente
1805 2771 2091 2835 regnum
2162 2773 2358 2816 suum
2417 2749 2755 2833 firmabat,

411 2859 600 2924 haud
645 2858 867 2922 minus
914 2857 999 2922 ab
1049 2857 1328 2922 Oriente
1396 2857 1536 2922 sole
1582 2863 1650 2921 et
1708 2857 1783 2921 in
1829 2856 2113 2921 Meridie
2158 2857 2358 2922 rebus
2424 2856 2754 2922 interfuit.

416 2966 563 3043 Quo
628 2964 712 3029 ab
780 2964 910 3029 hac
957 2984 1229 3050 quoque
1272 2970 1468 3050 parte
1511 2986 1800 3050 regnum
1862 2963 2327 3050 amplificaret,
2376 2964 2505 3029 sibi
2557 2962 2757 3028 urbes

414 3080 489 3136 et
534 3070 829 3137 colonias
888 3070 1181 3136 Graecas
1253 3068 1395 3134 illic
1455 3070 1618 3133 sitas
1667 3070 2000 3136 devinxit.
2090 3069 2524 3158 Amphipolis
2584 3091 2760 3155 quae

415 3178 646 3264 aliquo
717 3178 918 3242 modo
987 3198 1132 3242 sese
1200 3175 1520 3241 hostilem
1589 3176 1662 3240 in
1708 3175 2112 3263 Philippum
2152 3177 2489 3263 praebuit,
2537 3176 2761 3263 prima

412 3285 577 3350 urbs
623 3283 756 3349 fuit
803 3305 977 3370 quae
1022 3284 1097 3347 in
1133 3289 1542 3371 potestatem
1580 3281 1727 3368 ejus
1786 3282 2122 3369 pervenit,
2172 3305 2307 3368 qua
2351 3282 2518 3348 urbe
2556 3288 2761 3371 capta

410 3393 548 3457 iter
590 3392 663 3457 in
712 3392 1073 3462 Thraciam
1117 3391 1181 3456 ei
1232 3397 1546 3479 apertum
1595 3396 1701 3454 est
1742 3391 1810 3472 4).
1861 3389 1954 3476 (a0
2000 3390 2175 3476 357).

506 3500 900 3586 Antequam
940 3498 1434 3584 investigemus
1475 3496 1755 3583 quinam
1820 3495 2030 3561 fuerit
2073 3503 2287 3562 status
2333 3495 2761 3584 Amphipoli-

469 3704 516 3772 1)
556 3705 746 3775 Polyb.
784 3706 834 3758 4.
858 3704 941 3757 76.
980 3705 1028 3756 2.
1067 3703 1323 3754 Θετταλοὶ
1360 3703 1456 3765 γὰρ
1491 3698 1677 3751 ἐδόκουν
1712 3702 1801 3763 μὲν
1837 3707 1970 3755 κατὰ
2007 3704 2176 3764 νόμους
2217 3699 2487 3754 πολιτεύειν
2526 3700 2611 3751 καὶ
2639 3704 2764 3752 πολὺ

414 3793 659 3857 διαφέρειν
692 3792 988 3851 Μακεδόνων,
1021 3791 1230 3855 διέφερον
1265 3789 1458 3851 δὀὐδέν,
1492 3792 1627 3841 ἄλλα
1662 3795 1760 3841 πᾶν
1795 3792 1968 3853 ὁμοίως
2004 3793 2231 3855 ’ἔπασχον
2267 3789 2512 3842 Μακεδόσι
2550 3790 2635 3840 καὶ
2665 3795 2766 3840 πᾶν

413 3881 606 3933 ἐποίουν
657 3885 717 3933 τὸ
769 3885 1189 3944 προσταττόμενον
1243 3883 1351 3939 τοῖς
1402 3882 1680 3943 βασιλικοῖς
1722 3919 1735 3934 .
1776 3880 1967 3951 Polyb.
2014 3881 2099 3935 18.
2137 3881 2339 3947 47(30).
2377 3881 2410 3934 6
2449 3885 2505 3935 et
2542 3882 2590 3933 7.
2645 3882 2762 3936 Liv.

414 3972 512 4026 33.
547 3971 634 4030 34.
671 3971 915 4026 Dittenb.
954 3970 1059 4024 238
1095 3974 1151 4026 et
1187 3969 1307 4023 239.

471 4057 519 4129 2)
556 4060 704 4115 Plut.
747 4060 903 4114 Titus
938 4059 1020 4114 10.

471 4147 519 4216 3)
559 4149 759 4205 Strabo
817 4149 921 4203 436
983 4152 1038 4204 et
1094 4149 1215 4202 437.
1273 4148 1553 4203 Demosth.
1598 4148 1688 4200 77.
1742 4149 1825 4202 12.
1886 4148 2039 4203 Orat.
2077 4150 2188 4203 Att.
2228 4149 2281 4202 11
2316 4148 2436 4201 526.
2475 4148 2572 4203 vit.
2608 4149 2763 4202 Dem.

420 4240 617 4308 Droys.
661 4239 707 4292 1.
750 4238 780 4291 1
838 4238 938 4306 413
979 4238 1030 4291 2.
1072 4238 1123 4291 2.
1164 4238 1232 4291 24
1275 4254 1400 4291 ann.
1443 4236 1706 4292 Schaefer
1742 4238 1895 4293 Dem.
1935 4237 1984 4290 3.
2022 4236 2108 4291 28.

471 4325 520 4393 4)
557 4327 670 4381 Liv.
731 4326 817 4380 45.
873 4326 957 4380 30.
1024 4326 1415 4396 „Amphipolis‚
1473 4342 1616 4393 quae
1672 4326 1891 4395 objecta
1939 4326 2149 4380 claudit
2202 4343 2394 4381 omnes
2431 4327 2502 4380 ab
2539 4326 2762 4381 Oriente

417 4416 539 4470 sole
596 4415 651 4468 in
707 4415 1088 4470 Macedoniam
1145 4413 1363 4470 aditus”
1422 4415 1489 4469 cf.
1545 4414 1703 4469 Diod.
1744 4415 1827 4468 16.
1878 4414 1928 4468 8.
1966 4415 2248 4470 Demosth.
2289 4414 2373 4470 10.
2412 4415 2509 4484 2Ο;
2546 4416 2665 4469 659.
2704 4415 2765 4480 4;

420 4504 688 4559 Schaefer
726 4504 877 4558 Dem.
917 4505 965 4557 2.
1005 4504 1091 4557 21.
1129 4504 1308 4558 Ηο1111.
1351 4503 1400 4556 3.
1440 4504 1543 4557 237
1581 4520 1700 4571 sqq.

2516 4601 2550 4653 2
