3338 5350
1564 486 1652 553 95

440 685 727 773 posthac
813 684 1237 772 Atropatene
1326 689 1628 766 vocatur,
1711 682 2188 749 verosimiliter
2268 685 2624 771 provincia
2713 684 2775 751 ei

446 792 759 878 abrogari
826 813 964 857 non
1032 791 1276 879 potuit,
1344 791 1475 856 hoc
1537 796 1766 856 autem
1830 791 2100 856 decreto
2145 813 2303 878 pars
2349 791 2471 857 illa
2514 793 2783 858 Mediae

445 899 531 964 ab
575 900 860 986 imperio
908 904 1263 984 segregata
1308 904 1427 963 est.

532 1007 763 1074 Etiam
829 1028 934 1071 res
1004 1029 1045 1072 a
1103 1005 1493 1071 Ptolemaeo
1556 1010 1789 1091 gestae
1833 1026 1957 1070 nos
2005 1004 2318 1072 dubitare
2362 1006 2644 1091 faciunt,
2693 1029 2783 1071 an

441 1112 804 1200 Aegyptus
843 1111 989 1198 jam
1035 1111 1266 1177 statim
1310 1121 1466 1199 post
1512 1133 1767 1176 annum
1813 1113 1944 1177 323
1993 1113 2080 1178 ab
2123 1114 2408 1201 imperio
2456 1113 2783 1179 dissoluta

444 1221 552 1304 sit,
621 1242 788 1285 num
855 1220 1208 1307 provincia
1275 1219 1649 1284 Ptolemaei
1719 1241 2046 1305 umquam
2104 1219 2291 1306 justo
2358 1222 2559 1287 modo
2628 1242 2783 1286 cum

443 1329 729 1415 imperio
777 1326 1137 1413 conjuncta
1181 1325 1407 1416 fuerit.
1454 1326 1501 1392 J
1506 1348 1617 1391 am
1662 1349 1868 1414 supra
1913 1327 2098 1415 (pag.
2148 1327 2261 1414 93)
2321 1328 2784 1393 demonstrare

445 1436 673 1501 conati
719 1456 946 1500 sumus
993 1433 1420 1521 provinciam
1481 1432 1781 1520 aliquam
1849 1441 1999 1499 tum
2043 1436 2318 1499 demum
2365 1435 2450 1500 ab
2496 1435 2781 1522 imperio

444 1549 831 1629 separatam
873 1540 1261 1607 habendam
1308 1563 1470 1623 esse,
1521 1542 1576 1604 si
1625 1541 2122 1607 administratio
2167 1541 2468 1607 thesauri
2510 1562 2782 1629 prorsus

446 1672 489 1714 a
532 1655 763 1715 centro
806 1649 1077 1737 imperii
1123 1655 1479 1734 segregata
1525 1654 1719 1714 esset.

533 1755 849 1822 Profecto
917 1762 1144 1821 autem
1206 1755 1354 1842 jam
1435 1777 1614 1820 anno
1684 1756 1816 1821 323
1882 1756 2312 1822 Ptolemaeus
2391 1756 2785 1821 thesaurum

444 1863 642 1929 illum
712 1862 796 1928 ad
845 1886 916 1929 se
962 1865 1193 1928 traxit.
1266 1862 1698 1928 Cleomenem
1767 1864 1948 1928 enim
1994 1868 2083 1951 (p.
2132 1862 2221 1927 68
2268 1869 2337 1928 et
2381 1862 2494 1950 69)
2563 1863 2786 1950 specie

442 1970 978 2058 repetundarum
1046 1971 1120 2034 in
1180 1969 1293 2056 jus
1366 1971 1652 2054 vocavit,
1716 1992 1935 2058 neque
1983 1972 2348 2058 quicquam
2390 1970 2784 2035 Perdiccam

445 2084 762 2160 moratus,
849 2078 912 2142 ei
980 2078 1225 2142 munus
1295 2078 1683 2163 abrogavit3
1767 2084 1916 2142 tum
1984 2077 2377 2143 thesaurum
2457 2076 2782 2164 Aegypti,

443 2191 611 2250 tunc
661 2186 984 2272 temporis
1045 2190 1195 2250 octo
1254 2185 1445 2250 milia
1488 2184 1824 2250 talentum
1869 2185 2348 2268 continentem,
2418 2183 2547 2248 sibi
2592 2204 2784 2249 occu-

446 2292 676 2380 pavit3
766 2299 1034 2379 partem
1099 2291 1302 2377 hujus
1372 2292 1701 2379 pecuniae
1772 2292 2102 2374 adhibuit,
2195 2297 2274 2356 ut
2340 2291 2469 2356 sibi
2538 2292 2787 2357 amicos

446 2405 721 2487 pararet
762 2399 944 2464 inter
986 2420 1296 2487 proceres
1342 2400 1779 2485 magistratus
1827 2399 2218 2487 provinciae
2265 2420 2446 2483 suae,
2508 2404 2586 2463 ut
2631 2420 2785 2464 con-

449 2507 726 2571 duceret
792 2527 1113 2591 magnam
1190 2507 1336 2572 vim
1424 2506 2041 2572 mercennariorum
2107 2506 2395 2570 militum
2441 2505 2512 2587 1).
2626 2505 2789 2570 Mox

449 2613 748 2679 exercitu
812 2612 1243 2701 Aegyptiaco
1332 2635 1492 2679 usus
1565 2619 1667 2679 est
1757 2619 1834 2679 ut
1915 2610 2359 2700 Cyrenaicam
2427 2617 2791 2701 occuparet

448 2743 793 2808 regnoque
860 2744 979 2787 suo
1043 2721 1482 2808 adjungeret3
1552 2721 1688 2786 huc
1750 2722 1926 2787 adde
1973 2721 2155 2808 quod
2199 2720 2419 2786 invito
2463 2721 2789 2786 Perdicca

451 2848 691 2915 corpus
757 2827 1135 2892 Alexandri
1200 2828 1274 2892 in
1341 2829 1740 2915 Aegyptum
1831 2828 2434 2915 transportandum
2501 2828 2786 2912 curavit,

449 2956 669 3021 neque
716 2957 883 3023 opus
932 2941 1034 3000 est
1078 2934 1302 3000 dicere
1347 2934 1513 3000 haec
1560 2936 1790 3001 omnia
1833 2956 2215 3022 repugnare
2259 2934 2341 2999 iis
2387 2934 2789 3000 conditioni-

450 3040 597 3125 buS,
660 3064 836 3128 quae
904 3041 1113 3128 vulgo
1183 3042 1729 3131 comprobandae
1800 3049 1991 3108 erant
2061 3064 2102 3106 a
2170 3043 2458 3129 satrapis
2526 3062 2787 3107 summo

453 3147 735 3235 imperio
782 3148 1125 3215 obnoxiis:

546 3321 627 3383 1⁰.
672 3317 767 3385 Ut
814 3340 956 3385 sese
1002 3317 1413 3404 subjicerent
1451 3320 1656 3406 jussis
1704 3341 2007 3385 summae
2054 3319 2682 3386 administrationis

541 3426 629 3489 2⁰.
670 3428 779 3492 Ne
835 3425 989 3514 plus
1056 3426 1352 3491 militum
1399 3427 1676 3511 alerent,
1745 3449 1922 3493 neve
1965 3427 2119 3515 plus
2148 3427 2491 3514 ‘stipendii
2533 3426 2784 3514 persol-

672 3539 931 3617 verent,
980 3555 1186 3620 quam
1233 3533 1315 3598 iis
1361 3533 1512 3621 lege
1557 3555 1948 3599 concessum
1995 3540 2183 3600 esset.

541 3640 630 3704 30.
672 3640 778 3704 Ne
825 3662 944 3705 suo
991 3645 1213 3704 marte
1259 3639 1515 3706 bellum
1570 3647 1903 3726 gererent.

540 3745 628 3809 4⁰.
670 3745 767 3812 Ut
812 3746 1045 3834 copiae
1094 3768 1324 3811 eorum
1372 3748 1457 3812 ad
1507 3749 1736 3812 omnia
1780 3748 1962 3813 bella
2008 3771 2048 3812 a
2072 3770 2335 3814 summa
2361 3748 2786 3813 administra-

671 3854 856 3918 tione
903 3853 1130 3919 edicta
1174 3861 1443 3941 praesto
1490 3860 1733 3936 essent,
1781 3855 2104 3919 nimirum
2149 3860 2425 3942 sumptu
2468 3855 2786 3942 pecunia·
2864 3905 2869 3914 .

673 3982 827 4025 rum
873 3982 1047 4046 quae
1095 3983 1132 4025 e
1174 3960 1447 4027 tributis
1495 3967 1923 4049 superessent
1950 3962 2019 4045 2).

507 4174 557 4243 1)
595 4176 759 4231 Paus.
802 4178 846 4231 l.
885 4177 934 4229 6.
979 4176 1147 4243 1-33
1189 4176 1346 4258 Diod.
1392 4177 1472 4232 18.
1513 4178 1596 4231 14.
1639 4178 1687 4231 1.

506 4264 555 4331 2)
590 4264 988 4335 Excipiendum
1023 4270 1112 4321 est
1146 4284 1197 4320 v.
1227 4283 1273 4320 c.
1314 4266 1466 4334 quod
1517 4266 1793 4321 Eumenes
1832 4284 1862 4321 e
1898 4267 2144 4336 pecuniis
2183 4283 2321 4334 quas
2359 4268 2409 4322 ei
2449 4285 2478 4321 e
2513 4267 2789 4322 thesauris

452 4355 648 4409 tollere
703 4355 859 4410 licuit
911 4356 1159 4426 praetori
1206 4355 1396 4412 Indico
1434 4355 1685 4410 Eudemo
1723 4373 2000 4411 summam
2040 4356 2409 4411 ducentorum
2446 4356 2788 4411 talentorum

456 4444 601 4499 dono
640 4445 807 4514 dedit,
844 4445 1016 4515 ipsius
1054 4448 1283 4514 sumptu
1320 4445 1500 4515 (Diod.
1540 4446 1622 4499 19.
1654 4445 1737 4499 15.
1776 4445 1851 4514 5.)
