3338 5350
1172 1424 1700 1501 CAPUT
1812 1426 1994 1504 III.

538 1845 635 1924 De
694 1846 998 1945 imperio
1071 1845 1546 1928 macedonico
1623 1849 1707 1927 et
1763 1846 1854 1927 de
1929 1845 2361 1927 macedonia
2418 1845 2613 1927 inter

1231 1998 1469 2062 annos
1524 1979 1929 2062 321-316,

390 2364 432 2441 ἓ
481 2359 534 2426 1.
626 2359 712 2428 De
758 2360 953 2428 rebus
997 2359 1376 2445 Triparadisi
1423 2360 1814 2430 constitutis.
1911 2358 2228 2444 imperium
2277 2358 2744 2428 Macedonicum

595 2466 714 2534 sub
759 2465 1088 2551 Antipatro
1135 2467 1205 2534 et
1249 2465 1817 2552 Polysperchonto.
1866 2466 2042 2535 Anno
2083 2465 2208 2535 316
2256 2466 2570 2551 imperium

837 2569 1209 2641 dissolutum
1257 2573 1382 2641 est.
1430 2573 1778 2659 Antiuonus
1823 2574 1893 2641 et
1940 2572 2314 2641 Remmius.

489 2769 652 2834 Post
717 2768 1084 2835 Perdiccae
1154 2777 1442 2836 mortem
1511 2774 1544 2846 ἡ
1621 2768 1954 2846 ἐπιμελείοι
2023 2777 2167 2835 tam
2235 2783 2474 2856 regum
2546 2790 2751 2855 quam

392 2876 671 2963 imperii
737 2876 1047 2942 vacabat.
1139 2876 1514 2963 Postquam
1582 2877 2013 2942 Ptolemaeus
2083 2875 2275 2942 illam
2345 2877 2753 2962 dignitatem

393 2985 740 3050 recusavit
812 2983 888 3048 in
964 2984 1284 3071 Aegypto
1355 2985 1441 3049 ad
1510 2991 1780 3072 tempus
1853 2984 2114 3049 duobus
2180 2984 2366 3067 viris,
2436 2984 2755 3049 Peithoni

399 3089 669 3154 Mediae
742 3097 1076 3177 satrapae,
1141 3097 1212 3154 et
1282 3090 1657 3156 Arrhidaeo
1705 3090 2062 3156 commissa
2103 3102 2203 3154 est
2227 3093 2298 3173 1).
2387 3089 2472 3154 In
2518 3091 2753 3155 castris

399 3201 633 3260 autem
702 3196 1120 3282 Triparadisi
1190 3195 1308 3260 alii
1376 3197 1509 3261 viri
1571 3197 1907 3263 nominati
1955 3204 2131 3263 sunt.
2225 3197 2374 3262 Hoc
2417 3199 2563 3284 ipso
2607 3195 2755 3262 looo

395 3308 868 3390 procuratores
914 3303 1088 3388 regii
1132 3304 1343 3368 creati
1388 3310 1547 3369 sunt
1592 3305 1960 3391 Antipater
2000 3310 2068 3368 et
2111 3302 2497 3388 Antigonus
2519 3303 2592 3386 2),
2640 3301 2757 3367 ille

402 3415 635 3474 autem
704 3409 1090 3489 αὐτοκράτωρ
1160 3410 1552 3475 nominatus
1622 3418 1725 3475 est
1753 3411 1823 3493 3).
1920 3410 2208 3495 Utrique
2276 3410 2558 3497 insuper
2622 3408 2756 3473 fuit

401 3514 579 3579 alter
643 3515 882 3581 titulus
953 3524 1022 3581 et
1068 3515 1360 3581 alterum
1405 3539 1695 3582 munus:
1769 3517 2137 3605 Antipater
2181 3522 2519 3602 strategus
2567 3522 2758 3581 auto-

400 3628 628 3687 crator
694 3623 769 3687 in
835 3624 1112 3711 Europa
1179 3625 1450 3707 mansit,
1519 3623 1910 3709 Antigonus
1968 3624 2209 3688 eadem
2280 3622 2615 3710 dignitate
2684 3623 2758 3686 in

399 3727 574 3793 Asia
629 3737 906 3795 ornatus
978 3737 1079 3796 est
1101 3730 1175 3814 4).
1289 3731 1641 3817 Antigono
1706 3730 1841 3796 fuit
1907 3730 2147 3795 titulus
2217 3730 2569 3809 στρατηγὸς
2651 3736 2758 3803 τῆς

462 3933 511 4000 1)
551 3934 711 3990 Diod.
754 3936 837 3991 18.
876 3936 961 3990 36.
1001 3937 1071 4005 6;
1109 3940 1162 3990 et
1204 3936 1286 3990 18.
1327 3937 1411 3991 39.
1454 3937 1504 3990 2.

459 4022 509 4089 2)
547 4023 692 4078 Plut.
731 4026 891 4079 Eum.
931 4026 964 4078 6
990 4025 1215 4092 utrique
1250 4026 1409 4079 illum
1447 4025 1681 4079 titulum
1722 4026 1936 4079 tribuit.

460 4109 509 4176 3)
547 4112 704 4168 Diod.
748 4114 830 4167 18.
869 4114 954 4168 39.
992 4114 1046 4167 3.

461 4197 511 4268 4)
549 4203 758 4256 Ari-ian.
815 4201 847 4270 ξ
900 4202 985 4256 38.
1042 4203 1187 4257 Plut.
1239 4204 1399 4257 Eum.
1454 4202 1505 4256 8.
1563 4204 1700 4273 App.
1760 4203 1881 4273 Syr.
1938 4202 2007 4256 53
2063 4200 2324 4259 ἐπίσκοπος
2358 4199 2482 4253 εἶναι
2517 4206 2609 4260 τῆς
2645 4203 2761 4261 ὅλης

407 4293 589 4348 Ἀσίας
625 4287 676 4351 ἐξ
715 4291 1042 4353 Ἀντιπάτρου
1080 4296 1315 4353 περῶντος
1342 4291 1408 4348 εἷς
1442 4292 1534 4349 τὴν
1575 4290 1800 4354 Εὗρώπην
1818 4290 2248 4354 ἀπολελειμμένος.
2307 4292 2463 4346 Diod.
2487 4292 2570 4346 18.
2592 4293 2677 4346 39.
2699 4293 2762 4361 75

410 4380 499 4435 18.
541 4380 623 4433 40.
665 4382 710 4434 1,
750 4376 834 4427 ἐπὶ
869 4383 959 4436 τῆς
995 4380 1171 4437 Ἀσίας
1207 4379 1607 4444 ἀποδεδειγμένος
1643 4383 1942 4443 στρατηγός.
1971 4380 2054 4433 18.
2095 4381 2179 4435 50.
2242 4382 2287 4434 1.
2327 4378 2410 4430 ὑπ’
2431 4381 2766 4443 Ἀντιπάτρου

408 4473 503 4527 τῆς
541 4470 715 4525 Ἀσίας
749 4472 1033 4533 στρατηγὸς
1071 4468 1383 4533 αὐτοκράτωρ
1420 4470 1643 4534 ᾑρημένος
1681 4472 1746 4523 cf.
1789 4473 1977 4540 Droys.
2017 4472 2064 4522 2.
2122 4473 2168 4523 1.
2211 4471 2312 4523 146
2350 4487 2476 4523 ann.
2516 4472 2564 4524 l.
