3338 5350
1704 526 1793 593 94

583 725 785 791 nibus
829 731 1181 814 percutere
1224 732 1610 812 coeperunt,
1659 725 1842 812 quod
1888 730 2199 812 satrapae
2267 723 2391 789 sub
2436 724 2711 811 regibus
2754 724 2918 790 Per-

583 833 737 898 sicis
799 833 946 918 jam
1012 839 1253 919 quarto
1320 832 1544 897 seculo
1614 838 1774 897 ante
1841 831 1916 896 O.
1961 853 2029 896 n.
2097 831 2323 898 facere
2382 831 2563 897 soliti
2625 839 2820 896 erant
2840 833 2915 917 1).

583 939 896 1006 Potestas
963 947 1192 1006 autem
1259 946 1685 1027 satraparum
1737 939 1863 1004 tali
1927 941 2128 1004 modo
2175 945 2393 1022 aucta,
2441 938 2573 1003 fuit
2618 940 2919 1027 pretium

587 1068 723 1134 quo
800 1047 1156 1112 Perdiccas
1226 1068 1405 1112 anno
1471 1048 1602 1112 323
1667 1045 2034 1111 redemerit
2108 1051 2187 1109 ut
2265 1034 2581 1134 princeps
2646 1045 2919 1133 imperii

586 1160 1080 1239 agnosceretur.

675 1260 813 1326 Sed
851 1260 998 1346 jam
1040 1260 1273 1326 statim
1321 1261 1639 1348 apparuit
1683 1282 1773 1325 ne
1815 1259 1943 1325 hoc
1988 1260 2265 1346 quidem
2307 1258 2602 1347 pretium
2646 1268 2918 1328 tantum

585 1367 815 1451 fuisse,
862 1375 938 1433 ut
981 1367 1344 1456 imperium
1387 1368 1462 1432 in
1506 1389 1721 1432 unum
1765 1365 2202 1452 conjunctum
2223 1372 2503 1431 teneret
2552 1367 2602 1434 J
2604 1389 2714 1433 am
2737 1391 2918 1434 anno

587 1475 720 1540 323
766 1476 949 1540 enim
992 1476 1162 1540 fines
1228 1475 1499 1562 imperii
1567 1473 1900 1540 deminuti
1946 1480 2122 1538 sunt.
2214 1473 2322 1538 Ex
2368 1480 2660 1559 quatuor
2705 1482 2918 1541 satra-

584 1582 716 1669 piis
761 1582 1034 1666 Indicis,
1107 1602 1276 1669 quas
1341 1580 1735 1646 Alexander
1799 1579 2116 1663 instituit,
2185 1603 2474 1666 quarum
2518 1584 2739 1669 prima
2784 1582 2920 1649 fuit

585 1689 1132 1777 Paropamisadis
1179 1687 1498 1775 Oxyartis
1544 1687 1862 1774 auspiciis
1901 1685 2224 1773 subjecta,
2250 1708 2407 1753 cum
2428 1688 2598 1754 urbe
2616 1689 2918 1756 Alexan-

585 1796 736 1861 dria
781 1795 906 1861 sub
975 1795 1274 1862 Caucaso
1320 1795 1554 1872 (hodie
1599 1792 1842 1875 Cabul)
1866 1790 1960 1881 2);
2007 1795 2304 1860 secunda
2348 1796 2550 1860 India
2595 1796 2921 1885 Superior

585 1902 679 1966 cis
746 1901 1018 1986 Indum,
1088 1903 1233 1968 sive
1294 1902 1495 1968 vallis
1557 1900 1896 1988 Cophenis
1940 1900 2261 1984 fluminis,
2309 1904 2418 1967 cui
2464 1903 2675 1969 Porus
2721 1927 2916 1992 prae-

585 2007 804 2074 fectus
850 2014 1031 2092 erat3
1092 2008 1293 2074 tertia
1359 2007 1560 2073 India
1606 2006 1930 2096 Superior
1994 2015 2183 2073 trans
2228 2009 2478 2075 Indum
2524 2010 2920 2096 (Pendsjab)

589 2116 714 2180 sub
759 2115 1034 2197 Taxile3
1098 2122 1342 2202 quarta
1402 2122 1631 2181 autem
1675 2116 1879 2182 India
1922 2113 2215 2181 Inferior
2260 2116 2345 2182 ab
2391 2123 2681 2202 utraque
2723 2126 2922 2205 parte

586 2221 744 2288 Indi
787 2222 1087 2288 fluminis
1134 2223 1221 2287 ad
1267 2244 1472 2306 mare,
1536 2223 1729 2307 cujus
1796 2229 2004 2310 caput
2061 2221 2196 2288 fuit
2239 2223 2533 2308 Pattala,
2579 2231 2921 2311 postremo

587 2329 736 2395 loco
802 2330 1173 2413 nominata,
1266 2330 1589 2417 adempta
1655 2337 1759 2394 est
1824 2335 2136 2416 satrapae
2202 2329 2521 2396 Peithoni
2585 2330 2922 2416 Agenoris

586 2435 748 2521 filio,
798 2436 917 2523 qui
961 2436 1164 2522 hujus
1210 2435 1358 2502 loco
1403 2437 1676 2501 Indiam
1721 2434 2155 2524 Superiorem
2199 2436 2294 2501 cis
2337 2435 2587 2503 Indum
2635 2438 2924 2526 adeptus

591 2551 711 2626 est,
758 2549 829 2608 et
870 2542 1122 2609 finibus
1166 2543 1328 2608 Pori
1370 2544 1549 2629 regis
1597 2544 1863 2625 adjecta
1909 2550 2009 2608 est
2034 2540 2121 2627 3);
2170 2544 2469 2610 dubitari
2512 2566 2652 2610 non
2695 2552 2926 2633 potest

591 2651 757 2738 quin
800 2650 912 2716 hic
954 2650 1103 2739 ipse
1169 2651 1299 2717 hac
1342 2651 1697 2739 provincia
1739 2651 1997 2738 potitus
2058 2650 2163 2735 sit,
2235 2673 2411 2739 quae
2456 2652 2519 2718 ei
2565 2674 2744 2719 anno
2788 2654 2923 2718 323

590 2780 903 2825 concoesa
948 2764 1071 2842 est,
1119 2759 1674 2846 quandoquidem
1717 2780 1824 2824 res
1869 2759 2119 2823 mutari
2142 2780 2281 2824 non
2303 2761 2528 2847 potuit
2550 2760 2634 2842 4);
2683 2783 2926 2827 revera

588 2866 718 2931 hoc
782 2866 1196 2931 territorium
1264 2866 1354 2931 ab
1396 2866 1682 2953 imperio
1727 2872 2156 2951 segregatum
2202 2874 2340 2951 est3
2388 2874 2691 2934 attamen
2728 2858 2926 2934 1110171

593 2979 750 3039 ante
820 2994 1077 3037 annum
1143 2972 1274 3037 316
1341 2973 1640 3060 praetori
1705 2972 2142 3039 Macedonico
2207 2974 2537 3059 Eudem0‚
2584 2975 2705 3062 qui
2748 2982 2918 3040 tam-

594 3102 801 3167 quam
868 3079 1195 3150 ἐπίσκοπος
1264 3078 1489 3145 Taxili
1560 3077 1921 3164 adjunctus
1985 3085 2147 3163 erat,
2217 3081 2506 3168 contigit
2549 3088 2628 3147 ut
2669 3082 2927 3147 Porum

591 3185 1004 3253 interficeret
1024 3186 1093 3268 5).

681 3294 819 3359 Res
863 3295 1050 3359 haud
1118 3293 1461 3359 dissimilis
1531 3314 1710 3359 anno
1755 3294 1887 3358 323
1953 3293 2028 3358 111
2070 3301 2267 3382 parte
2313 3297 2612 3383 quadam
2655 3296 2929 3363 Mediae

595 3400 858 3467 accidit.
950 3400 1343 3466 Alexander
1406 3400 1749 3489 Atropati‚
1816 3399 2182 3467 Perdiccae
2249 3423 2476 3468 socero
2534 3403 2712 3468 hanc
2767 3423 2926 3491 pro-

593 3508 892 3575 vinciam
959 3509 1418 3591 commiserat3
1487 3529 1672 3573 nunc
1739 3513 1966 3572 autem
2035 3529 2213 3573 anno
2279 3509 2410 3573 323
2470 3509 2716 3574 Peitho
2762 3508 2926 3575 Gra-

593 3622 793 3681 tenae
836 3614 1017 3681 filius
1061 3615 1204 3680 iJJic
1270 3621 1571 3702 satrapes
1617 3621 1741 3697 est,
1807 3613 2174 3702 Atropates
2241 3622 2474 3680 tamen
2519 3616 2931 3701 magistratu

595 3744 734 3787 non
780 3721 1082 3807 dejectus
1127 3728 1249 3805 est,
1320 3722 1439 3787 sed
1487 3722 1548 3786 ei
1615 3720 2061 3787 committitur
2107 3744 2187 3788 ea
2229 3744 2389 3810 pars
2432 3721 2703 3788 Mediae
2747 3743 2929 3810 quae

647 3928 699 3994 1)
734 3927 928 3999 Droys.
969 3928 1019 3982 2.
1058 3929 1107 3981 1.
1145 3927 1216 3981 22
1257 3930 1313 3981 et
1348 3926 1434 3981 91.

647 4018 698 4084 2)
732 4018 793 4072 F.
846 4034 957 4072 von
1013 4017 1286 4086 Schwarz,
1357 4016 1667 4071 Alexander
1724 4015 1820 4070 des
1877 4015 2116 4070 Grossen
2169 4016 2445 4084 Fcldzfige
2497 4018 2555 4071 in
2595 4018 2930 4073 Turksstan.

594 4107 870 4161 Mfinchen
905 4106 1044 4161 1893
1079 4124 1132 4176 p.
1171 4106 1291 4160 102.

649 4195 699 4263 3)
735 4196 854 4250 Arr.
895 4197 923 4261 S
959 4195 994 4249 5
1032 4195 1176 4250 01:36
1213 4196 1279 4250 cf.
1316 4193 1548 4265 Dexipp.
1585 4196 1649 4248 fr.
1675 4195 1723 4248 1.
1755 4194 1953 4249 Muller
1969 4194 2028 4247 F.
2048 4195 2113 4249 Η.
2136 4196 2198 4251 G.
2219 4195 2325 4265 ΒΡ.
2346 4195 2467 4250 668.
2505 4196 2664 4251 Diod.
2687 4196 2769 4251 18.
2789 4196 2934 4267 3.4;

600 4284 683 4339 18.
720 4286 770 4339 6.
810 4285 870 4350 23
910 4285 995 4339 18.
1033 4284 1121 4339 39.
1155 4286 1208 4339 6.

650 4372 700 4440 4)
738 4374 806 4428 cf.
843 4374 1197 4429 Gntschmidt
1231 4375 1305 4428 l.l.
1343 4392 1393 4444 p.
1436 4375 1520 4429 21.
1562 4391 1686 4428 ann.
1725 4374 1776 4428 3.

651 4462 698 4537 5)
734 4463 892 4517 Diod.
935 4464 1017 4517 19.
1057 4463 1139 4518 14.
1177 4464 1228 4517 8.
