3338 5350
1579 531 1701 596 181

473 726 682 790 etiam
726 725 1097 790 decernunt
1121 728 1186 808 ¹),
1256 732 1326 790 et
1371 727 1455 791 de
1501 747 1668 813 pace
1689 726 1741 806 2)
1817 726 1905 789 de
1964 726 2201 790 ceteris
2246 724 2446 789 rebus
2493 723 2580 788 ad
2627 745 2805 789 com·

471 854 747 897 munem
793 833 1183 898 societatem
1227 833 1721 920 pertinentibus
1747 833 1817 915 3).

561 938 755 1005 Bello
802 939 1070 1005 decreto
1118 961 1158 1004 a
1206 939 1521 1025 synedrio
1588 938 1820 1003 nuncii
1889 939 2252 1003 mittuntur
2295 939 2383 1004 ad
2429 938 2639 1005 socios
2685 939 2803 1024 qui

473 1046 819 1110 decretum
864 1044 1264 1110 confirment
1308 1066 1576 1110 necesse
1625 1051 1725 1110 est
1752 1044 1827 1128 4).

561 1152 738 1238 Regi
804 1150 934 1217 fuit
997 1151 1110 1238 jus
1178 1153 1508 1218 evocandi
1577 1157 1644 1216 et
1712 1152 1998 1238 cogendi
2064 1153 2417 1234 exercituS,
2461 1153 2804 1218 ornandae

470 1259 702 1324 classis
770 1260 1098 1325 sociorum
1121 1259 1192 1341 5),
1278 1259 1518 1325 eodem
1600 1267 1909 1347 tempore
1979 1258 2327 1324 indicabat
2399 1258 2619 1324 locum
2688 1259 2807 1323 ubi

472 1367 872 1433 conventuri
941 1372 1163 1432 essent
1229 1365 1476 1432 milites
1544 1387 1909 1452 eorumque
1953 1387 2312 1431 numerum
2359 1366 2708 1431 constituit
2728 1365 2802 1449 6).

472 1473 653 1539 Socii
697 1471 979 1558 obligati
1050 1478 1243 1538 erant
1302 1472 1428 1538 sibi
1491 1473 1784 1538 invicem
1831 1495 2030 1560 opem
2075 1472 2251 1538 ferre
2275 1469 2346 1556 ⁷),
2389 1478 2621 1537 tamen
2667 1494 2806 1536 sus-

469 1580 684 1668 picari
756 1580 970 1644 ausim
1037 1601 1189 1645 eam
1230 1579 1580 1645 civitatem
1626 1601 1803 1665 quae
1849 1579 2098 1645 auxilio
2143 1580 2502 1667 indigeret,
2551 1577 2807 1663 obliga·

468 1694 616 1752 tam
660 1685 868 1752 fuisse
914 1687 1002 1752 ad
1050 1686 1369 1752 alendum
1414 1687 1802 1769 exercitum,
1853 1688 2062 1752 etiam
2112 1688 2444 1753 sociorum
2470 1685 2542 1772 ⁸).
2626 1686 2807 1752 Novi

471 1794 635 1859 socii
687 1815 827 1859 non
894 1794 1346 1858 admittuntur
1403 1793 1536 1858 nisi
1605 1794 1946 1859 communi
2006 1814 2336 1859 consensu
2394 1792 2807 1878 reliquorum

470 1900 804 1966 sociorum
870 1907 939 1965 et
997 1902 1174 1985 regis
1200 1899 1275 1984 9),
1346 1921 1566 1986 neque
1635 1901 2037 1966 crediderim
2102 1901 2215 1966 vel
2259 1900 2406 1986 regi
2444 1898 2556 1985 jus
2597 1898 2805 1965 fuisse

472 2007 891 2093 adjungendi
962 2008 1190 2089 sociOS,
1237 2014 1316 2072 ut
1360 2028 1687 2093 apparere
1735 2007 2006 2073 videtur
2046 2030 2082 2072 e
2144 2005 2433 2093 Polybio
2500 2007 2565 2071 4.
2607 2006 2713 2070 29.
2764 2006 2803 2070 7

470 2114 590 2180 ubi
659 2114 744 2179 de
812 2111 1228 2178 Scerdilaida
1277 2136 1317 2177 a
1355 2112 1677 2201 Philippo
1752 2114 2175 2179 admittendo
2221 2135 2440 2179 sermo
2486 2118 2608 2196 est,
2654 2133 2805 2200 pro·

472 2220 655 2286 fecto
700 2221 1119 2287 conditiones
1167 2220 1251 2284 ab
1299 2218 1537 2305 Illyrio
1583 2218 1806 2285 factae
1854 2242 1893 2285 a
1933 2220 2250 2306 synedrio
2290 2220 2809 2308 comprobentur

470 2350 741 2394 necesse
789 2334 910 2393 est.

562 2435 863 2522 Singulis
909 2441 1137 2500 autem
1183 2435 1577 2501 civitatibus
1622 2433 1818 2500 licuit
1855 2455 1997 2499 sese
2038 2456 2193 2499 cum
2224 2434 2373 2499 aliis
2397 2432 2545 2519 conj
2554 2454 2807 2519 ungere

471 2564 648 2629 quae
714 2543 1052 2609 societatis
1112 2565 1249 2609 non
1315 2543 1684 2631 participes
1746 2548 1987 2624 essent,
2035 2548 2114 2605 ut
2161 2565 2227 2607 v,
2254 2562 2310 2606 c.
2358 2541 2618 2606 Achaei
2663 2562 2805 2605 sese

472 2650 970 2736 conjunxerunt
1039 2672 1194 2716 cum
1275 2649 1832 2716 Lacedaemoniis
1909 2655 1977 2714 et
2041 2647 2393 2714 Messeniis
2461 2649 2580 2735 qui
2645 2655 2810 2713 tunc

473 2759 798 2845 temporis
845 2758 1149 2823 nondum
1194 2779 1337 2823 sese
1384 2757 1701 2843 synedrio
1748 2756 2263 2845 applicaverant
2287 2756 2389 2840 10).

561 2864 1083 2931 Lacedaemonii
1152 2865 1333 2929 enim
1395 2863 1642 2949 quibus
1689 2863 1921 2928 statim
1965 2871 2328 2950 postquam
2366 2865 2551 2951 apud
2596 2861 2806 2928 Sella·

473 2971 643 3037 siam
687 2971 856 3037 victi
903 2978 1096 3036 erant
1138 2969 1534 3057 Brachylles
1578 2976 1852 3057 praetor
1894 2971 2320 3058 praepositus
2369 2977 2534 3051 erat,
2574 2976 2809 3058 postea

472 3077 680 3142 etiam
724 3077 1032 3144 societati
1088 3077 1380 3162 injuncti
1425 3083 1620 3143 erant
1644 3076 1758 3163 11);
1806 3077 1992 3142 haud
2037 3076 2177 3142 scio
2240 3100 2329 3142 an
2373 3076 2541 3142 haec
2602 3075 2808 3141 fuerit

523 3308 572 3374 1)
608 3308 802 3375 Polyb.
838 3307 890 3362 4.
930 3307 1014 3360 25.
1055 3307 1105 3361 5.

520 3397 569 3461 2)
606 3397 798 3468 Polyb.
837 3397 887 3451 5.
925 3396 1009 3450 29.
1048 3396 1110 3464 4;
1146 3395 1196 3449 5.
1240 3397 1359 3450 102.
1397 3398 1448 3450 8.

521 3486 570 3537 3)
607 3486 799 3556 Polyb.
850 3485 901 3538 4.
952 3485 1035 3539 24.
1087 3485 1138 3538 5.
1193 3487 1263 3534 τὰ
1316 3484 1367 3534 δὶ
1422 3488 1536 3548 πρὸς
1571 3486 1662 3542 τὴν
1698 3486 1857 3542 κοινὴν
1892 3483 2136 3541 ἀνήκοντα
2172 3486 2489 3547 συμμαχίαν,
2524 3488 2677 3534 ταῦτ’
2713 3482 2807 3547 ’ἔφη

469 3577 597 3635 μόνα
635 3573 731 3623 δεῖν
767 3577 924 3631 κοινῆς
959 3571 1253 3637 ἐπιστροφῆς
1289 3573 1374 3623 καὶ
1411 3573 1702 3638 διορθώσεως
1738 3573 2010 3638 τυγχάνειν
2045 3572 2138 3624 ὑπὸ
2175 3575 2384 3623 πάντων.

523 3661 573 3727 4)
612 3663 803 3733 Polyb.
861 3664 910 3717 4.
951 3663 1033 3716 26.
1074 3663 1140 3723 23
1194 3662 1243 3715 4.
1285 3664 1369 3716 30.
1409 3665 1438 3716 1
1479 3668 1536 3718 et
1572 3665 1638 3732 23
1696 3665 1745 3716 4.
1784 3664 1867 3717 26.
1909 3664 1969 3731 73
2026 3664 2074 3716 4.
2113 3663 2199 3716 30.
2237 3664 2285 3715 6.
2344 3667 2638 3725 ’Ἠπειρῶται
2694 3659 2811 3711 δ’ἐκ

469 3750 785 3815 παραθέσεως
822 3749 1170 3808 διακούσαντες
1205 3756 1301 3800 τῶν
1338 3750 1583 3815 πρέσβεων
1619 3754 1680 3802 τὸ
1716 3753 1805 3815 μὶν
1844 3751 2015 3816 δόγμα
2050 3752 2399 3816 παραπλησίως
2434 3749 2754 3814 ἐπεκύρωσαν.

522 3842 571 3907 5)
607 3841 800 3912 Polyb.
837 3842 888 3894 4.
925 3841 1011 3894 67.
1049 3841 1113 3909 85
1150 3842 1200 3895 5.
1237 3841 1287 3895 3.
1325 3841 1374 3895 3.
1414 3843 1479 3896 cf.
1517 3841 1628 3896 Liv.
1671 3842 1757 3896 32.
1795 3843 1881 3896 21.
1919 3841 1968 3894 5.

521 3929 566 3997 6)
604 3930 794 3997 Polyb.
833 3930 883 3983 5.
921 3930 972 3984 3·
1009 3930 1077 3994 33
1118 3932 1173 3984 ot
1208 3929 1263 3983 5.
1299 3930 1382 3983 17.
1420 3930 1469 3985 9.

523 4019 568 4085 7)
602 4019 716 4073 Liv.
756 4018 842 4077 32.
879 4019 965 4072 21.
1004 4020 1087 4073 13.

520 4108 567 4174 8)
604 4109 749 4163 Plut.
787 4109 937 4164 Arat.
974 4108 1059 4162 45.
1098 4108 1289 4172 τρέφειν
1325 4125 1384 4157 τε
1420 4107 1505 4157 καὶ
1540 4107 1856 4171 μισθοδοτεῖν
1893 4107 2233 4174 ἦναγκάζοντο
2271 4111 2389 4166 τοὺς
2425 4108 2722 4167 Μακεδόνας,

519 4198 566 4265 9)
602 4198 794 4268 Polyb.
831 4200 879 4251 4.
918 4199 967 4251 9.
1006 4199 1056 4251 3.
1095 4196 1202 4261 περὶ
1238 4199 1326 4260 μὲν
1361 4200 1452 4254 τῆς
1474 4201 1778 4263 συμμαχίας
1798 4203 1849 4250 οἱ
1868 4205 2172 4263 προεστῶτες
2190 4205 2287 4249 τῶν
2316 4204 2540 4262 Ἀχαιῶν
2560 4198 2808 4264 ἀπέλεγον

465 4287 519 4338 οὗ
556 4288 831 4352 Φάσκοντες
868 4286 1073 4337 δυνατὸν
1110 4284 1229 4336 εἶναι
1265 4287 1415 4351 χωρὶς
1452 4289 1696 4339 Φιλίππου
1734 4289 1818 4340 καὶ
1853 4295 1948 4338 τῶν
1982 4286 2266 4352 συμμάχων
2286 4287 2454 4337 οὐδένα
2491 4291 2805 4352 προσλαβεῖν.

494 4386 573 4451 10)
609 4386 799 4451 Polyb.
839 4386 890 4439 4.
932 4385 1013 4439 19.
1054 4385 1114 4450 13
1156 4386 1204 4439 4.
1243 4386 1292 4440 9.
1331 4385 1392 4453 6;
1431 4386 1480 4439 4.
1523 4385 1605 4440 15.
1643 4388 1695 4443 4.

494 4475 571 4543 11)
608 4477 797 4542 Polyb.
837 4477 885 4530 4.
925 4476 1010 4529 24.
1049 4477 1082 4528 4
1120 4478 1176 4528 et
1211 4474 1262 4528 5.
