3338 5350
1689 513 1812 578 162

670 708 911 795 Neque
957 710 1180 773 minus
1230 708 1604 774 Antiochus
1650 706 1941 773 Cerauni
1988 708 2388 795 competitor
2434 705 2583 770 fuit.
2662 704 2923 770 Tamen

583 816 694 880 hic
760 838 880 879 rex
941 815 1380 881 Macedoniae
1426 822 1492 879 et
1551 814 1878 880 Thraciae
1924 813 2144 880 factus
2190 820 2311 893 est,
2352 812 2757 898 AntigonuS‚
2806 813 2925 896 qui

587 924 754 987 mari
823 921 1269 1009 praepollens,
1364 921 1644 986 classem
1713 926 2025 1008 paratam
2114 920 2377 1000 habuit,
2468 921 2698 984 statim
2768 940 2924 983 eum

587 1050 892 1113 agressus
940 1037 1059 1111 est,
1105 1027 1504 1115 profligatur
1550 1033 1778 1093 autem
1824 1050 1865 1092 a
1914 1027 2220 1093 Cerauno
2276 1033 2343 1091 et
2387 1026 2698 1114 pellitur3
2748 1048 2925 1111 quae

582 1136 867 1200 victoria
914 1142 1141 1200 autem
1185 1134 1599 1200 Antiochum
1646 1136 1735 1200 ad
1780 1155 2019 1222 pacem
2064 1156 2220 1199 cum
2261 1134 2571 1200 Cerauno
2616 1134 2826 1197 traxit
2848 1132 2922 1215 1).

585 1242 734 1306 Hac
781 1242 1082 1325 victoria,
1149 1243 1423 1329 insuper
1467 1242 1854 1327 quaerendo
1903 1241 2264 1306 amicitiam
2325 1242 2504 1326 regis
2550 1240 2924 1305 Ptolemaei

584 1348 1018 1437 Philadelphi
1061 1349 1180 1434 qui
1227 1369 1405 1413 anno
1450 1347 1582 1412 285
1627 1349 1809 1435 patri
1857 1348 2192 1431 successit,
2240 1348 2585 1414 Ceraunus
2616 1349 2688 1412 in
2712 1368 2925 1434 regno

586 1477 704 1520 suo
749 1454 1057 1520 firmatus
1104 1460 1204 1521 est
1226 1454 1298 1539 ἕ).

670 1562 975 1649 Pyrrhus
1042 1562 1312 1630 interim
1380 1563 1883 1650 expeditionem
1940 1584 2131 1626 suam
2176 1563 2246 1626 in
2292 1563 2565 1627 Italiam
2610 1561 2923 1649 parabat,

582 1692 801 1755 neque
844 1669 1087 1755 reliqui
1134 1669 1472 1757 principes
1496 1670 1937 1735 vehementer
1959 1668 2301 1752 dolebant,
2349 1670 2557 1736 talem
2582 1669 2929 1755 aemulum

584 1777 671 1841 ad
738 1784 1008 1864 tempus
1077 1777 1395 1863 ablegari.
1469 1777 1665 1841 Laeti
1731 1782 1796 1841 et
1865 1775 2180 1841 benevoli
2248 1797 2404 1841 eum
2474 1775 2924 1862 adjuvabant,

585 1885 931 1951 Ceraunus
1002 1884 1346 1967 militibus,
1407 1883 1794 1971 Antigonus
1860 1887 2170 1968 navibuS,
2230 1883 2608 1949 Antiochus
2657 1886 2752 1966 (et
2795 1883 2926 1946 hoc

585 1994 861 2080 quidem
931 1994 1412 2058 documentum
1479 1998 1582 2058 est
1650 2014 1803 2057 eum
1871 1993 2178 2058 nondum
2266 1991 2614 2077 negligere
2678 2013 2782 2056 res
2852 1991 2928 2055 in

582 2102 859 2188 Europa
924 2104 1175 2186 gestas)
1242 2100 1563 2187 pecuniis.
1654 2100 1748 2165 Et
1807 2101 2078 2165 interim
2119 2101 2360 2182 AreuS,
2432 2097 2928 2186 Spartanorum

583 2230 703 2273 rex
769 2204 1027 2272 bellum
1082 2207 1292 2292 gessit
1357 2214 1593 2272 contra
1637 2206 1915 2272 Aetolos
1960 2205 2291 2292 Antigoni
2337 2208 2570 2288 sociOS,
2617 2204 2930 2292 profecto

582 2313 956 2379 Ptolemaei
1023 2312 1458 2400 Philadelphi
1524 2314 1958 2398 instigatione
1986 2312 2055 2398 3),
2127 2321 2205 2379 ut
2271 2315 2478 2378 etiam
2543 2334 2668 2399 per
2714 2314 2929 2379 socios

584 2421 1008 2506 Antigonum
1054 2419 1461 2504 debilitaret,
1511 2420 1819 2486 Cerauno
1867 2428 2095 2487 autem
2141 2442 2342 2508 opem
2385 2420 2615 2485 ferret.
2706 2419 2930 2485 Areus

587 2532 816 2592 autem
896 2527 1069 2592 nihil
1133 2527 1261 2593 hoc
1329 2527 1511 2592 bello
1577 2527 1886 2615 profecit,
1954 2528 2207 2593 infecta
2278 2550 2352 2592 re
2415 2528 2692 2593 domum
2737 2527 2931 2592 abire

586 2640 855 2700 coactus
903 2640 1024 2700 est.

672 2740 1125 2807 Nihilominus
1168 2763 1457 2827 regnum
1503 2741 1794 2807 Cerauni
1840 2742 2170 2829 perbreve
2215 2747 2485 2829 tempus
2510 2742 2716 2826 stetit,
2764 2763 2932 2806 vere

587 2849 767 2912 enim
837 2850 996 2913 anni
1057 2849 1191 2914 280
1259 2847 1441 2914 Galli
1511 2849 1580 2912 in
1649 2848 1783 2912 tria
1853 2848 2126 2933 agmina
2173 2848 2398 2931 divisi,
2445 2849 2622 2912 inter
2667 2853 2930 2913 ceteras

583 2955 890 3035 regiones
962 2955 1163 3019 etiam
1231 2954 1704 3020 Macedoniam
1767 2955 2182 3020 invaserunt.
2277 2954 2620 3020 Ceraunus
2681 2956 2762 3019 iis
2810 2953 2933 3020 ob-

586 3062 772 3125 viam
855 3059 1097 3143 factus,
1181 3060 1580 3147 profligatus
1666 3067 1736 3125 et
1814 3063 1954 3126 acie
2033 3082 2264 3126 caesus
2335 3068 2455 3143 est,
2525 3060 2934 3126 Macedonia

588 3166 835 3231 deinde
896 3188 937 3230 a
997 3166 1301 3232 barbaris
1363 3174 1633 3233 vastata
1682 3174 1801 3232 est.
1892 3167 2066 3232 Late
2112 3167 2419 3255 populati
2467 3172 2649 3250 sunt,
2702 3169 2934 3254 ipsum

585 3294 873 3357 regnum
954 3272 1468 3338 Macedonicum
1567 3273 1924 3339 anarchiae
2016 3273 2384 3339 obnoxium
2478 3273 2633 3357 fuit,
2725 3296 2932 3339 nemo

588 3401 672 3443 ex
735 3379 931 3464 regni
999 3380 1547 3467 competitoribus
1615 3385 1882 3445 tantum
1953 3381 2173 3446 valuit
2234 3388 2309 3445 ut
2355 3382 2651 3468 patriam
2691 3380 2932 3446 defen-

590 3485 798 3568 deret,
862 3486 1076 3550 donec
1138 3487 1416 3550 tandem
1466 3484 1831 3552 Sosthenes
1869 3486 2272 3552 fortissimus
2317 3488 2444 3570 vir,
2493 3487 2733 3552 humili
2779 3487 2936 3553 loco

587 3596 807 3673 natus,
862 3592 1063 3656 rebus
1106 3590 1509 3678 praefectuS,
1558 3593 1880 3659 barbaros
1918 3596 1991 3658 in
2037 3615 2267 3659 omnes
2313 3600 2542 3681 partes
2590 3594 2934 3681 dispersos

588 3696 906 3762 cohibuit.
2202 3772 2207 3779 ό

679 3801 1002 3889 Sequenti
1053 3825 1231 3869 anno
1278 3802 1468 3890 (279)
1524 3804 1709 3871 Galli
1753 3805 2001 3872 iterum
2046 3808 2237 3872 sedes
2284 3830 2439 3872 suas
2483 3806 2933 3893 reliquerunt,

587 3930 769 3973 nunc
816 3917 1044 3974 autem
1088 3932 1210 3998 per
1255 3910 1724 3978 Macedoniam
1767 3913 2048 3979 ulterius
2104 3916 2460 4001 progressi,
2507 3914 2937 3980 Thessaliam

588 4022 935 4081 vastantes
1006 4017 1088 4081 ad
1162 4015 1650 4105 Thermopylas
1719 4027 2196 4106 pervenerunt,
2268 4021 2515 4086 deinde
2575 4022 2647 4084 in
2706 4023 2937 4108 ipsam

642 4275 691 4337 1)
728 4273 925 4328 Justin.
964 4273 1048 4325 24.
1091 4274 1136 4325 1.
1175 4273 1431 4327 Memnon
1472 4275 1553 4328 13.
1591 4276 1639 4328 3.
1684 4276 1928 4346 Droysen
1967 4277 2014 4331 2.
2056 4278 2103 4331 2.
2143 4278 2262 4331 332.

642 4362 692 4425 2)
731 4362 931 4416 Justin.
970 4361 1053 4414 17.
1094 4361 1143 4414 2.
1182 4362 1230 4415 9.

645 4449 694 4517 3)
731 4449 927 4521 DroyS.
966 4451 1016 4502 2.
1055 4449 1103 4503 2.
1143 4450 1263 4503 334.
