<?xml version="1.0" encoding="UTF-8"?>
<!DOCTYPE html PUBLIC "-//W3C//DTD XHTML 1.0 Transitional//EN"
    "http://www.w3.org/TR/xhtml1/DTD/xhtml1-transitional.dtd">
<html xmlns="http://www.w3.org/1999/xhtml" xml:lang="en" lang="en">
 <head>
  <title>
</title>
<meta http-equiv="Content-Type" content="text/html;charset=utf-8" />
  <meta name='ocr-system' content='tesseract 3.04.00' />
  <meta name='ocr-capabilities' content='ocr_page ocr_carea ocr_par ocr_line ocrx_word'/>
</head>
<body>
  <div class='ocr_page' id='page_1' title='image "./definibusregnim01breegoog_0149.png"; bbox 0 0 3338 5350; ppageno 0'>
   <div class='ocr_carea' id='block_1_1' title="bbox 1605 549 1694 613">
    <p class='ocr_par' dir='ltr' id='par_1_1' title="bbox 1605 549 1694 613">
     <span class='ocr_line' id='line_1_1' title="bbox 1605 549 1694 613; baseline 0 0"><span class='ocrx_word' id='word_1_1' title='bbox 1605 549 1694 613; x_wconf 85' lang='lat'>89</span> 
     </span>
    </p>
   </div>
   <div class='ocr_carea' id='block_1_2' title="bbox 463 745 2824 4047">
    <p class='ocr_par' dir='ltr' id='par_1_2' title="bbox 469 745 2818 940">
     <span class='ocr_line' id='line_1_2' title="bbox 469 745 2818 833; baseline 0.001 -24"><span class='ocrx_word' id='word_1_2' title='bbox 469 746 807 811; x_wconf 83' lang='lat' dir='ltr'>lutionem</span> <span class='ocrx_word' id='word_1_3' title='bbox 875 745 1163 833; x_wconf 88' lang='lat' dir='ltr'>imperii,</span> <span class='ocrx_word' id='word_1_4' title='bbox 1233 768 1408 832; x_wconf 88' lang='lat' dir='ltr'>quae</span> <span class='ocrx_word' id='word_1_5' title='bbox 1473 768 1630 811; x_wconf 83' lang='lat' dir='ltr'>mox</span> <span class='ocrx_word' id='word_1_6' title='bbox 1692 752 2001 811; x_wconf 90' lang='lat' dir='ltr'>secutura</span> <span class='ocrx_word' id='word_1_7' title='bbox 2084 751 2247 823; x_wconf 77' lang='lat' dir='ltr'>erat,</span> <span class='ocrx_word' id='word_1_8' title='bbox 2308 745 2516 810; x_wconf 90' lang='lat' dir='ltr'>immo</span> <span class='ocrx_word' id='word_1_9' title='bbox 2562 767 2646 810; x_wconf 86' lang='lat' dir='ltr'>ex</span> <span class='ocrx_word' id='word_1_10' title='bbox 2690 746 2818 812; x_wconf 88' lang='lat' dir='ltr'>hac</span> 
     </span>
     <span class='ocr_line' id='line_1_3' title="bbox 470 853 1373 940; baseline -0.001 -23"><span class='ocrx_word' id='word_1_11' title='bbox 470 853 630 940; x_wconf 90' lang='lat' dir='ltr'>ipsa</span> <span class='ocrx_word' id='word_1_12' title='bbox 674 874 747 917; x_wconf 89' lang='lat' dir='ltr'>re</span> <span class='ocrx_word' id='word_1_13' title='bbox 796 853 1127 938; x_wconf 82' lang='lat' dir='ltr'>originem</span> <span class='ocrx_word' id='word_1_14' title='bbox 1173 853 1373 940; x_wconf 89' lang='lat' dir='ltr'>cepit.</span> 
     </span>
    </p>

    <p class='ocr_par' dir='ltr' id='par_1_3' title="bbox 463 959 2824 3294">
     <span class='ocr_line' id='line_1_4' title="bbox 568 959 2818 1048; baseline 0 -23"><span class='ocrx_word' id='word_1_15' title='bbox 568 959 615 1025; x_wconf 87' lang='lat' dir='ltr'><strong>J</strong></span> <span class='ocrx_word' id='word_1_16' title='bbox 619 980 730 1023; x_wconf 89' lang='lat' dir='ltr'>am</span> <span class='ocrx_word' id='word_1_17' title='bbox 776 981 979 1047; x_wconf 91' lang='lat' dir='ltr'>supra</span> <span class='ocrx_word' id='word_1_18' title='bbox 1024 981 1180 1046; x_wconf 90' lang='lat' dir='ltr'>pag.</span> <span class='ocrx_word' id='word_1_19' title='bbox 1230 960 1316 1024; x_wconf 89' lang='lat'>66</span> <span class='ocrx_word' id='word_1_20' title='bbox 1363 959 1729 1048; x_wconf 78' lang='lat' dir='ltr'><strong>Antipater</strong></span> <span class='ocrx_word' id='word_1_21' title='bbox 1772 960 1967 1025; x_wconf 93' lang='lat' dir='ltr'>nobis</span> <span class='ocrx_word' id='word_1_22' title='bbox 1999 960 2241 1025; x_wconf 81' lang='lat' dir='ltr'>obvius</span> <span class='ocrx_word' id='word_1_23' title='bbox 2265 959 2420 1043; x_wconf 84' lang='lat' dir='ltr'>suit,</span> <span class='ocrx_word' id='word_1_24' title='bbox 2467 967 2818 1046; x_wconf 80' lang='lat' dir='ltr'><strong>tamquam</strong></span> 
     </span>
     <span class='ocr_line' id='line_1_5' title="bbox 468 1065 2820 1156; baseline 0.001 -27"><span class='ocrx_word' id='word_1_25' title='bbox 468 1066 826 1145; x_wconf 76' lang='grc' dir='ltr'><em>στρατηγὸς</em></span> <span class='ocrx_word' id='word_1_26' title='bbox 874 1065 1264 1146; x_wconf 72' lang='grc' dir='ltr'><em>αὐτοκράτωρ</em></span> <span class='ocrx_word' id='word_1_27' title='bbox 1310 1067 1668 1132; x_wconf 86' lang='lat' dir='ltr'>universae</span> <span class='ocrx_word' id='word_1_28' title='bbox 1714 1068 1895 1154; x_wconf 85' lang='lat' dir='ltr'>parti</span> <span class='ocrx_word' id='word_1_29' title='bbox 1939 1068 2210 1156; x_wconf 87' lang='lat' dir='ltr'>imperii</span> <span class='ocrx_word' id='word_1_30' title='bbox 2254 1068 2327 1131; x_wconf 92' lang='lat' dir='ltr'>in</span> <span class='ocrx_word' id='word_1_31' title='bbox 2350 1068 2626 1154; x_wconf 83' lang='lat' dir='ltr'>Europa</span> <span class='ocrx_word' id='word_1_32' title='bbox 2650 1069 2820 1133; x_wconf 87' lang='lat' dir='ltr'>sitae</span> 
     </span>
     <span class='ocr_line' id='line_1_6' title="bbox 465 1173 2819 1262; baseline 0 -24"><span class='ocrx_word' id='word_1_33' title='bbox 465 1174 925 1262; x_wconf 71' lang='lat' dir='ltr'>praepositae,</span> <span class='ocrx_word' id='word_1_34' title='bbox 989 1196 1171 1239; x_wconf 92' lang='lat' dir='ltr'>nunc</span> <span class='ocrx_word' id='word_1_35' title='bbox 1217 1174 1422 1239; x_wconf 87' lang='lat' dir='ltr'>etiam</span> <span class='ocrx_word' id='word_1_36' title='bbox 1482 1174 1555 1238; x_wconf 90' lang='lat' dir='ltr'>in</span> <span class='ocrx_word' id='word_1_37' title='bbox 1601 1173 1767 1238; x_wconf 90' lang='lat' dir='ltr'>Asia</span> <span class='ocrx_word' id='word_1_38' title='bbox 1810 1173 1883 1238; x_wconf 90' lang='lat' dir='ltr'>hi</span> <span class='ocrx_word' id='word_1_39' title='bbox 1929 1175 2363 1259; x_wconf 71' lang='lat' dir='ltr'>magistratus</span> <span class='ocrx_word' id='word_1_40' title='bbox 2411 1175 2628 1261; x_wconf 86' lang='lat' dir='ltr'>magis</span> <span class='ocrx_word' id='word_1_41' title='bbox 2673 1175 2819 1239; x_wconf 86' lang='lat' dir='ltr'>vul·</span> 
     </span>
     <span class='ocr_line' id='line_1_7' title="bbox 468 1279 2818 1369; baseline 0.001 -25"><span class='ocrx_word' id='word_1_42' title='bbox 468 1281 628 1366; x_wconf 85' lang='lat' dir='ltr'>gati</span> <span class='ocrx_word' id='word_1_43' title='bbox 673 1286 847 1345; x_wconf 87' lang='lat' dir='ltr'>sunt.</span> <span class='ocrx_word' id='word_1_44' title='bbox 926 1281 1336 1369; x_wconf 77' lang='lat' dir='ltr'><strong>Exemplum</strong></span> <span class='ocrx_word' id='word_1_45' title='bbox 1381 1280 1583 1367; x_wconf 89' lang='lat' dir='ltr'>hujus</span> <span class='ocrx_word' id='word_1_46' title='bbox 1629 1279 1841 1345; x_wconf 87' lang='lat' dir='ltr'>officii</span> <span class='ocrx_word' id='word_1_47' title='bbox 1886 1287 2155 1368; x_wconf 90' lang='lat' dir='ltr'>praesto</span> <span class='ocrx_word' id='word_1_48' title='bbox 2201 1289 2304 1347; x_wconf 87' lang='lat' dir='ltr'>est</span> <span class='ocrx_word' id='word_1_49' title='bbox 2347 1283 2421 1346; x_wconf 94' lang='lat' dir='ltr'>in</span> <span class='ocrx_word' id='word_1_50' title='bbox 2467 1282 2818 1364; x_wconf 89' lang='lat' dir='ltr'>Peithone,</span> 
     </span>
     <span class='ocr_line' id='line_1_8' title="bbox 469 1387 2818 1475; baseline 0 -24"><span class='ocrx_word' id='word_1_51' title='bbox 469 1388 599 1474; x_wconf 85' lang='lat' dir='ltr'>qui</span> <span class='ocrx_word' id='word_1_52' title='bbox 644 1388 806 1453; x_wconf 90' lang='lat' dir='ltr'>inde</span> <span class='ocrx_word' id='word_1_53' title='bbox 875 1389 958 1453; x_wconf 83' lang='lat' dir='ltr'>ab</span> <span class='ocrx_word' id='word_1_54' title='bbox 1009 1409 1186 1453; x_wconf 91' lang='lat' dir='ltr'>anno</span> <span class='ocrx_word' id='word_1_55' title='bbox 1231 1389 1363 1453; x_wconf 78' lang='lat'>323</span> <span class='ocrx_word' id='word_1_56' title='bbox 1429 1393 1701 1475; x_wconf 91' lang='lat' dir='ltr'>praeter</span> <span class='ocrx_word' id='word_1_57' title='bbox 1759 1388 1971 1475; x_wconf 90' lang='lat' dir='ltr'>ipsius</span> <span class='ocrx_word' id='word_1_58' title='bbox 2030 1388 2454 1474; x_wconf 83' lang='lat' dir='ltr'>provinciam</span> <span class='ocrx_word' id='word_1_59' title='bbox 2500 1387 2818 1471; x_wconf 86' lang='lat' dir='ltr'>Mediam,</span> 
     </span>
     <span class='ocr_line' id='line_1_9' title="bbox 466 1495 2819 1582; baseline 0 -22"><span class='ocrx_word' id='word_1_60' title='bbox 466 1495 758 1582; x_wconf 80' lang='lat' dir='ltr'>insuper</span> <span class='ocrx_word' id='word_1_61' title='bbox 802 1497 1122 1561; x_wconf 86' lang='lat' dir='ltr'>universa</span> <span class='ocrx_word' id='word_1_62' title='bbox 1165 1502 1487 1582; x_wconf 87' lang='lat' dir='ltr'>praetura</span> <span class='ocrx_word' id='word_1_63' title='bbox 1530 1495 1740 1560; x_wconf 89' lang='lat' dir='ltr'>totius</span> <span class='ocrx_word' id='word_1_64' title='bbox 1784 1496 1988 1560; x_wconf 90' lang='lat' dir='ltr'>Asiae</span> <span class='ocrx_word' id='word_1_65' title='bbox 2037 1495 2416 1582; x_wconf 84' lang='lat' dir='ltr'>Superioris</span> <span class='ocrx_word' id='word_1_66' title='bbox 2471 1495 2819 1582; x_wconf 88' lang='lat' dir='ltr'>praeditus</span> 
     </span>
     <span class='ocr_line' id='line_1_10' title="bbox 467 1600 2821 1689; baseline 0.001 -22"><span class='ocrx_word' id='word_1_67' title='bbox 467 1607 629 1667; x_wconf 85' lang='lat' dir='ltr'>erat</span> <span class='ocrx_word' id='word_1_68' title='bbox 649 1601 722 1688; x_wconf 84' lang='lat'>1).</span> <span class='ocrx_word' id='word_1_69' title='bbox 816 1603 1004 1678; x_wconf 85' lang='lat' dir='ltr'>Quae</span> <span class='ocrx_word' id='word_1_70' title='bbox 1072 1602 1464 1667; x_wconf 86' lang='lat' dir='ltr'>continebat</span> <span class='ocrx_word' id='word_1_71' title='bbox 1532 1607 1639 1684; x_wconf 86' lang='lat' dir='ltr'>ut,</span> <span class='ocrx_word' id='word_1_72' title='bbox 1713 1600 1831 1666; x_wconf 90' lang='lat' dir='ltr'>ubi</span> <span class='ocrx_word' id='word_1_73' title='bbox 1899 1601 2080 1667; x_wconf 92' lang='lat' dir='ltr'>bella</span> <span class='ocrx_word' id='word_1_74' title='bbox 2146 1602 2220 1665; x_wconf 89' lang='lat' dir='ltr'>in</span> <span class='ocrx_word' id='word_1_75' title='bbox 2287 1601 2453 1667; x_wconf 90' lang='lat' dir='ltr'>Asia</span> <span class='ocrx_word' id='word_1_76' title='bbox 2520 1603 2821 1689; x_wconf 90' lang='lat' dir='ltr'>gerenda</span> 
     </span>
     <span class='ocr_line' id='line_1_11' title="bbox 469 1708 2820 1797; baseline 0.002 -25"><span class='ocrx_word' id='word_1_77' title='bbox 469 1715 694 1791; x_wconf 84' lang='lat' dir='ltr'>erant,</span> <span class='ocrx_word' id='word_1_78' title='bbox 788 1715 1118 1797; x_wconf 77' lang='lat' dir='ltr'>satrapae,</span> <span class='ocrx_word' id='word_1_79' title='bbox 1203 1709 1398 1795; x_wconf 89' lang='lat' dir='ltr'>jussu</span> <span class='ocrx_word' id='word_1_80' title='bbox 1467 1729 1769 1773; x_wconf 88' lang='lat' dir='ltr'>summae</span> <span class='ocrx_word' id='word_1_81' title='bbox 1857 1708 2126 1797; x_wconf 88' lang='lat' dir='ltr'>imperii</span> <span class='ocrx_word' id='word_1_82' title='bbox 2194 1709 2820 1794; x_wconf 76' lang='lat' dir='ltr'>administrationiS,</span> 
     </span>
     <span class='ocr_line' id='line_1_12' title="bbox 465 1816 2820 1905; baseline 0.001 -25"><span class='ocrx_word' id='word_1_83' title='bbox 465 1816 708 1901; x_wconf 86' lang='lat' dir='ltr'>copias</span> <span class='ocrx_word' id='word_1_84' title='bbox 777 1816 1103 1882; x_wconf 90' lang='lat' dir='ltr'>militares</span> <span class='ocrx_word' id='word_1_85' title='bbox 1149 1838 1302 1882; x_wconf 89' lang='lat' dir='ltr'>suas</span> <span class='ocrx_word' id='word_1_86' title='bbox 1350 1816 1437 1881; x_wconf 89' lang='lat' dir='ltr'>ad</span> <span class='ocrx_word' id='word_1_87' title='bbox 1482 1816 1882 1881; x_wconf 86' lang='lat' dir='ltr'>Peithonem</span> <span class='ocrx_word' id='word_1_88' title='bbox 1947 1816 2289 1899; x_wconf 75' lang='lat' dir='ltr'>ducerent,</span> <span class='ocrx_word' id='word_1_89' title='bbox 2337 1816 2820 1905; x_wconf 79' lang='lat' dir='ltr'>imperatisque</span> 
     </span>
     <span class='ocr_line' id='line_1_13' title="bbox 468 1922 2822 2011; baseline 0 -24"><span class='ocrx_word' id='word_1_90' title='bbox 468 1922 540 2009; x_wconf 83' lang='lat' dir='ltr'>ej</span> <span class='ocrx_word' id='word_1_91' title='bbox 551 1945 625 1987; x_wconf 90' lang='lat' dir='ltr'>us</span> <span class='ocrx_word' id='word_1_92' title='bbox 692 1924 1107 1988; x_wconf 76' lang='lat' dir='ltr'>oboedirent.</span> <span class='ocrx_word' id='word_1_93' title='bbox 1199 1922 1516 1989; x_wconf 80' lang='lat' dir='ltr'>Profecto</span> <span class='ocrx_word' id='word_1_94' title='bbox 1583 1923 1762 1989; x_wconf 92' lang='lat' dir='ltr'>hanc</span> <span class='ocrx_word' id='word_1_95' title='bbox 1829 1923 1915 1990; x_wconf 93' lang='lat' dir='ltr'>ob</span> <span class='ocrx_word' id='word_1_96' title='bbox 1985 1946 2130 1989; x_wconf 93' lang='lat' dir='ltr'>rem</span> <span class='ocrx_word' id='word_1_97' title='bbox 2209 1924 2454 1989; x_wconf 90' lang='lat' dir='ltr'>Peitho</span> <span class='ocrx_word' id='word_1_98' title='bbox 2519 1922 2822 2011; x_wconf 88' lang='lat' dir='ltr'>praefuit</span> 
     </span>
     <span class='ocr_line' id='line_1_14' title="bbox 468 2029 2820 2117; baseline -0.001 -21"><span class='ocrx_word' id='word_1_99' title='bbox 468 2029 917 2117; x_wconf 86' lang='lat' dir='ltr'>expeditioni,</span> <span class='ocrx_word' id='word_1_100' title='bbox 990 2052 1163 2116; x_wconf 92' lang='lat' dir='ltr'>quae</span> <span class='ocrx_word' id='word_1_101' title='bbox 1233 2052 1412 2096; x_wconf 90' lang='lat' dir='ltr'>anno</span> <span class='ocrx_word' id='word_1_102' title='bbox 1482 2031 1612 2095; x_wconf 79' lang='grc'>323</span> <span class='ocrx_word' id='word_1_103' title='bbox 1683 2037 1920 2095; x_wconf 88' lang='lat' dir='ltr'>contra</span> <span class='ocrx_word' id='word_1_104' title='bbox 1986 2030 2258 2096; x_wconf 91' lang='lat' dir='ltr'>colonos</span> <span class='ocrx_word' id='word_1_105' title='bbox 2327 2031 2679 2096; x_wconf 88' lang='lat' dir='ltr'>seditiosos</span> <span class='ocrx_word' id='word_1_106' title='bbox 2746 2032 2820 2094; x_wconf 93' lang='lat' dir='ltr'>in</span> 
     </span>
     <span class='ocr_line' id='line_1_15' title="bbox 467 2137 2820 2225; baseline 0 -23"><span class='ocrx_word' id='word_1_107' title='bbox 467 2137 755 2202; x_wconf 89' lang='lat' dir='ltr'>Bactria</span> <span class='ocrx_word' id='word_1_108' title='bbox 804 2145 871 2201; x_wconf 90' lang='lat' dir='ltr'>et</span> <span class='ocrx_word' id='word_1_109' title='bbox 919 2137 1289 2223; x_wconf 84' lang='lat' dir='ltr'>Sogdiana,</span> <span class='ocrx_word' id='word_1_110' title='bbox 1339 2138 1456 2222; x_wconf 87' lang='lat' dir='ltr'>qui</span> <span class='ocrx_word' id='word_1_111' title='bbox 1500 2138 1574 2201; x_wconf 94' lang='lat' dir='ltr'>in</span> <span class='ocrx_word' id='word_1_112' title='bbox 1617 2138 1915 2225; x_wconf 85' lang='lat' dir='ltr'>patriam</span> <span class='ocrx_word' id='word_1_113' title='bbox 1955 2138 2174 2203; x_wconf 88' lang='lat' dir='ltr'>redire</span> <span class='ocrx_word' id='word_1_114' title='bbox 2221 2137 2295 2203; x_wconf 93' lang='lat' dir='ltr'>in</span> <span class='ocrx_word' id='word_1_115' title='bbox 2334 2138 2561 2203; x_wconf 87' lang='lat' dir='ltr'>animo</span> <span class='ocrx_word' id='word_1_116' title='bbox 2606 2138 2820 2203; x_wconf 88' lang='lat' dir='ltr'>habu-</span> 
     </span>
     <span class='ocr_line' id='line_1_16' title="bbox 470 2243 2819 2332; baseline -0 -23"><span class='ocrx_word' id='word_1_117' title='bbox 470 2250 697 2328; x_wconf 83' lang='lat' dir='ltr'>erunt,</span> <span class='ocrx_word' id='word_1_118' title='bbox 768 2243 953 2309; x_wconf 87' lang='lat' dir='ltr'>facta</span> <span class='ocrx_word' id='word_1_119' title='bbox 1021 2250 1158 2328; x_wconf 82' lang='lat' dir='ltr'>est3</span> <span class='ocrx_word' id='word_1_120' title='bbox 1223 2244 1494 2309; x_wconf 87' lang='lat' dir='ltr'>tametsi</span> <span class='ocrx_word' id='word_1_121' title='bbox 1561 2245 1707 2332; x_wconf 92' lang='lat' dir='ltr'>ipse</span> <span class='ocrx_word' id='word_1_122' title='bbox 1777 2245 2014 2310; x_wconf 85' lang='lat' dir='ltr'>titulus</span> <span class='ocrx_word' id='word_1_123' title='bbox 2082 2246 2387 2311; x_wconf 92' lang='lat' dir='ltr'>nondum</span> <span class='ocrx_word' id='word_1_124' title='bbox 2434 2267 2474 2309; x_wconf 89' lang='lat' dir='ltr'>a</span> <span class='ocrx_word' id='word_1_125' title='bbox 2520 2244 2819 2309; x_wconf 90' lang='lat' dir='ltr'>Diodoro</span> 
     </span>
     <span class='ocr_line' id='line_1_17' title="bbox 471 2347 2820 2439; baseline -0.001 -22"><span class='ocrx_word' id='word_1_126' title='bbox 471 2351 887 2439; x_wconf 86' lang='lat' dir='ltr'>appellatur,</span> <span class='ocrx_word' id='word_1_127' title='bbox 955 2352 1105 2439; x_wconf 90' lang='lat' dir='ltr'>ipsa</span> <span class='ocrx_word' id='word_1_128' title='bbox 1168 2350 1351 2417; x_wconf 86' lang='lat' dir='ltr'>facta</span> <span class='ocrx_word' id='word_1_129' title='bbox 1442 2347 1911 2418; x_wconf 86' lang='lat' dir='ltr'>demonstrant</span> <span class='ocrx_word' id='word_1_130' title='bbox 1976 2352 2381 2418; x_wconf 88' lang='lat' dir='ltr'>Peithonem</span> <span class='ocrx_word' id='word_1_131' title='bbox 2442 2350 2590 2436; x_wconf 85' lang='lat' dir='ltr'>jam</span> <span class='ocrx_word' id='word_1_132' title='bbox 2669 2357 2820 2415; x_wconf 90' lang='lat' dir='ltr'>tum</span> 
     </span>
     <span class='ocr_line' id='line_1_18' title="bbox 472 2457 2824 2545; baseline 0 -22"><span class='ocrx_word' id='word_1_133' title='bbox 472 2480 820 2524; x_wconf 90' lang='lat' dir='ltr'>summum</span> <span class='ocrx_word' id='word_1_134' title='bbox 889 2457 1094 2523; x_wconf 86' lang='lat' dir='ltr'>Asiae</span> <span class='ocrx_word' id='word_1_135' title='bbox 1161 2457 1585 2545; x_wconf 89' lang='lat' dir='ltr'>praefectum</span> <span class='ocrx_word' id='word_1_136' title='bbox 1651 2458 1861 2524; x_wconf 82' lang='lat' dir='ltr'>fuisse</span> <span class='ocrx_word' id='word_1_137' title='bbox 1906 2458 1979 2545; x_wconf 80' lang='lat'>2),</span> <span class='ocrx_word' id='word_1_138' title='bbox 2067 2480 2482 2545; x_wconf 90' lang='lat' dir='ltr'>quamquam</span> <span class='ocrx_word' id='word_1_139' title='bbox 2550 2460 2824 2524; x_wconf 80' lang='lat' dir='ltr'>videtur</span> 
     </span>
     <span class='ocr_line' id='line_1_19' title="bbox 468 2564 2821 2654; baseline 0 -24"><span class='ocrx_word' id='word_1_140' title='bbox 468 2565 795 2631; x_wconf 90' lang='lat' dir='ltr'>Peithoni</span> <span class='ocrx_word' id='word_1_141' title='bbox 840 2587 979 2631; x_wconf 93' lang='lat' dir='ltr'>non</span> <span class='ocrx_word' id='word_1_142' title='bbox 1026 2566 1497 2631; x_wconf 87' lang='lat' dir='ltr'>attribuendus</span> <span class='ocrx_word' id='word_1_143' title='bbox 1561 2588 1705 2631; x_wconf 90' lang='lat' dir='ltr'>esse</span> <span class='ocrx_word' id='word_1_144' title='bbox 1753 2565 1991 2631; x_wconf 89' lang='lat' dir='ltr'>titulus</span> <span class='ocrx_word' id='word_1_145' title='bbox 2059 2564 2552 2654; x_wconf 63' lang='grc' dir='ltr'><em>ῃοιύτοκράτωρ”,</em></span> <span class='ocrx_word' id='word_1_146' title='bbox 2599 2588 2821 2653; x_wconf 89' lang='lat' dir='ltr'>neque</span> 
     </span>
     <span class='ocr_line' id='line_1_20' title="bbox 471 2671 2819 2762; baseline -0 -24"><span class='ocrx_word' id='word_1_147' title='bbox 471 2674 543 2739; x_wconf 91' lang='lat' dir='ltr'>ei</span> <span class='ocrx_word' id='word_1_148' title='bbox 592 2671 801 2739; x_wconf 80' lang='lat' dir='ltr'>fuisse</span> <span class='ocrx_word' id='word_1_149' title='bbox 839 2671 953 2758; x_wconf 86' lang='lat' dir='ltr'>jus</span> <span class='ocrx_word' id='word_1_150' title='bbox 999 2672 1188 2761; x_wconf 80' lang='lat' dir='ltr'>pacis</span> <span class='ocrx_word' id='word_1_151' title='bbox 1251 2672 1567 2760; x_wconf 83' lang='lat' dir='ltr'>bellique,</span> <span class='ocrx_word' id='word_1_152' title='bbox 1628 2696 1852 2760; x_wconf 90' lang='lat' dir='ltr'>neque</span> <span class='ocrx_word' id='word_1_153' title='bbox 1897 2696 2056 2739; x_wconf 86' lang='lat' dir='ltr'>cura</span> <span class='ocrx_word' id='word_1_154' title='bbox 2107 2673 2437 2762; x_wconf 86' lang='lat' dir='ltr'>pecuniae</span> <span class='ocrx_word' id='word_1_155' title='bbox 2484 2671 2819 2761; x_wconf 90' lang='lat' dir='ltr'>publicae,</span> 
     </span>
     <span class='ocr_line' id='line_1_21' title="bbox 463 2779 2822 2869; baseline -0 -24"><span class='ocrx_word' id='word_1_156' title='bbox 463 2781 586 2868; x_wconf 86' lang='lat' dir='ltr'>jus</span> <span class='ocrx_word' id='word_1_157' title='bbox 652 2780 953 2845; x_wconf 90' lang='lat' dir='ltr'>habendi</span> <span class='ocrx_word' id='word_1_158' title='bbox 1024 2779 1342 2862; x_wconf 89' lang='lat' dir='ltr'>delectus,</span> <span class='ocrx_word' id='word_1_159' title='bbox 1413 2782 1740 2847; x_wconf 87' lang='lat' dir='ltr'>evocandi</span> <span class='ocrx_word' id='word_1_160' title='bbox 1805 2787 2130 2869; x_wconf 61' lang='lat' dir='ltr'>satrapw,</span> <span class='ocrx_word' id='word_1_161' title='bbox 2181 2788 2306 2847; x_wconf 89' lang='lat' dir='ltr'>etc.</span> <span class='ocrx_word' id='word_1_162' title='bbox 2355 2780 2611 2866; x_wconf 87' lang='lat' dir='ltr'>alioqui</span> <span class='ocrx_word' id='word_1_163' title='bbox 2654 2781 2822 2845; x_wconf 91' lang='lat' dir='ltr'>haec</span> 
     </span>
     <span class='ocr_line' id='line_1_22' title="bbox 470 2886 2823 2975; baseline 0 -22"><span class='ocrx_word' id='word_1_164' title='bbox 470 2888 709 2953; x_wconf 91' lang='lat' dir='ltr'>omnia</span> <span class='ocrx_word' id='word_1_165' title='bbox 752 2887 909 2951; x_wconf 88' lang='lat' dir='ltr'>huic</span> <span class='ocrx_word' id='word_1_166' title='bbox 977 2886 1178 2953; x_wconf 89' lang='lat' dir='ltr'>titulo</span> <span class='ocrx_word' id='word_1_167' title='bbox 1249 2886 1612 2972; x_wconf 87' lang='lat' dir='ltr'>conjuncta</span> <span class='ocrx_word' id='word_1_168' title='bbox 1657 2887 1953 2954; x_wconf 90' lang='lat' dir='ltr'>fuerunt.</span> <span class='ocrx_word' id='word_1_169' title='bbox 2045 2887 2418 2975; x_wconf 88' lang='lat' dir='ltr'>Postquam</span> <span class='ocrx_word' id='word_1_170' title='bbox 2465 2911 2643 2954; x_wconf 86' lang='lat' dir='ltr'>anno</span> <span class='ocrx_word' id='word_1_171' title='bbox 2690 2888 2823 2954; x_wconf 82' lang='lat'>318</span> 
     </span>
     <span class='ocr_line' id='line_1_23' title="bbox 469 2992 2818 3083; baseline 0 -25"><span class='ocrx_word' id='word_1_172' title='bbox 469 2994 771 3058; x_wconf 91' lang='lat' dir='ltr'>Peithon</span> <span class='ocrx_word' id='word_1_173' title='bbox 815 2992 1112 3059; x_wconf 89' lang='lat' dir='ltr'>consiliis</span> <span class='ocrx_word' id='word_1_174' title='bbox 1162 2993 1302 3058; x_wconf 86' lang='lat' dir='ltr'>suis</span> <span class='ocrx_word' id='word_1_175' title='bbox 1348 2994 1549 3059; x_wconf 91' lang='lat' dir='ltr'>nimis</span> <span class='ocrx_word' id='word_1_176' title='bbox 1600 2994 1971 3060; x_wconf 82' lang='lat' dir='ltr'>ambitiosis</span> <span class='ocrx_word' id='word_1_177' title='bbox 2037 2996 2221 3083; x_wconf 89' lang='lat' dir='ltr'>apud</span> <span class='ocrx_word' id='word_1_178' title='bbox 2265 2994 2559 3081; x_wconf 90' lang='lat' dir='ltr'>reliquos</span> <span class='ocrx_word' id='word_1_179' title='bbox 2608 3004 2818 3061; x_wconf 87' lang='lat' dir='ltr'>satra-</span> 
     </span>
     <span class='ocr_line' id='line_1_24' title="bbox 469 3100 2812 3189; baseline 0.002 -25"><span class='ocrx_word' id='word_1_180' title='bbox 469 3122 601 3189; x_wconf 89' lang='lat' dir='ltr'>pas</span> <span class='ocrx_word' id='word_1_181' title='bbox 626 3100 697 3164; x_wconf 92' lang='lat' dir='ltr'>in</span> <span class='ocrx_word' id='word_1_182' title='bbox 722 3100 1174 3187; x_wconf 86' lang='lat' dir='ltr'>suspicionem</span> <span class='ocrx_word' id='word_1_183' title='bbox 1197 3100 1409 3184; x_wconf 86' lang='lat' dir='ltr'>venit,</span> <span class='ocrx_word' id='word_1_184' title='bbox 1435 3101 1780 3166; x_wconf 88' lang='lat' dir='ltr'>communi</span> <span class='ocrx_word' id='word_1_185' title='bbox 1802 3100 2084 3166; x_wconf 92' lang='lat' dir='ltr'>consilio</span> <span class='ocrx_word' id='word_1_186' title='bbox 2102 3102 2501 3167; x_wconf 87' lang='lat' dir='ltr'>Peucestam</span> <span class='ocrx_word' id='word_1_187' title='bbox 2518 3103 2812 3168; x_wconf 87' lang='lat' dir='ltr'>Persidis</span> 
     </span>
     <span class='ocr_line' id='line_1_25' title="bbox 470 3206 2154 3294; baseline -0.001 -21"><span class='ocrx_word' id='word_1_188' title='bbox 470 3213 797 3294; x_wconf 81' lang='lat' dir='ltr'>satrapen</span> <span class='ocrx_word' id='word_1_189' title='bbox 843 3228 1293 3274; x_wconf 88' lang='lat' dir='ltr'>successorem</span> <span class='ocrx_word' id='word_1_190' title='bbox 1342 3206 1486 3292; x_wconf 87' lang='lat' dir='ltr'>ejus</span> <span class='ocrx_word' id='word_1_191' title='bbox 1528 3207 2059 3273; x_wconf 85' lang='lat' dir='ltr'>nominaverunt</span> <span class='ocrx_word' id='word_1_192' title='bbox 2079 3206 2154 3292; x_wconf 77' lang='lat'>³).</span> 
     </span>
    </p>

    <p class='ocr_par' dir='ltr' id='par_1_4' title="bbox 469 3312 2821 4047">
     <span class='ocr_line' id='line_1_26' title="bbox 564 3312 2821 3403; baseline 0.001 -24"><span class='ocrx_word' id='word_1_193' title='bbox 564 3312 649 3379; x_wconf 86' lang='lat' dir='ltr'>In</span> <span class='ocrx_word' id='word_1_194' title='bbox 716 3321 909 3402; x_wconf 89' lang='lat' dir='ltr'>parte</span> <span class='ocrx_word' id='word_1_195' title='bbox 972 3314 1374 3381; x_wconf 91' lang='lat' dir='ltr'>occidentali</span> <span class='ocrx_word' id='word_1_196' title='bbox 1419 3316 1689 3403; x_wconf 91' lang='lat' dir='ltr'>imperii</span> <span class='ocrx_word' id='word_1_197' title='bbox 1748 3316 1841 3380; x_wconf 91' lang='lat' dir='ltr'>cis</span> <span class='ocrx_word' id='word_1_198' title='bbox 1885 3315 2287 3402; x_wconf 87' lang='lat' dir='ltr'>Euphraten</span> <span class='ocrx_word' id='word_1_199' title='bbox 2330 3314 2603 3398; x_wconf 89' lang='lat' dir='ltr'>flumen,</span> <span class='ocrx_word' id='word_1_200' title='bbox 2650 3317 2821 3382; x_wconf 87' lang='lat' dir='ltr'>tales</span> 
     </span>
     <span class='ocr_line' id='line_1_27' title="bbox 469 3422 2818 3511; baseline 0 -24"><span class='ocrx_word' id='word_1_201' title='bbox 469 3428 857 3510; x_wconf 88' lang='lat' dir='ltr'>praeturae,</span> <span class='ocrx_word' id='word_1_202' title='bbox 928 3444 1103 3508; x_wconf 90' lang='lat' dir='ltr'>quae</span> <span class='ocrx_word' id='word_1_203' title='bbox 1176 3422 1475 3488; x_wconf 88' lang='lat' dir='ltr'>diversas</span> <span class='ocrx_word' id='word_1_204' title='bbox 1544 3423 1931 3510; x_wconf 85' lang='lat' dir='ltr'>provincias</span> <span class='ocrx_word' id='word_1_205' title='bbox 2016 3422 2522 3511; x_wconf 90' lang='lat' dir='ltr'>amplectuntur</span> <span class='ocrx_word' id='word_1_206' title='bbox 2586 3423 2818 3510; x_wconf 88' lang='lat' dir='ltr'>paullo</span> 
     </span>
     <span class='ocr_line' id='line_1_28' title="bbox 470 3529 2819 3617; baseline 0 -23"><span class='ocrx_word' id='word_1_207' title='bbox 470 3529 773 3594; x_wconf 89' lang='lat' dir='ltr'>crebrius</span> <span class='ocrx_word' id='word_1_208' title='bbox 820 3529 1013 3594; x_wconf 92' lang='lat' dir='ltr'>nobis</span> <span class='ocrx_word' id='word_1_209' title='bbox 1061 3529 1305 3595; x_wconf 86' lang='lat' dir='ltr'>obviae</span> <span class='ocrx_word' id='word_1_210' title='bbox 1352 3536 1528 3612; x_wconf 88' lang='lat' dir='ltr'>sunt,</span> <span class='ocrx_word' id='word_1_211' title='bbox 1577 3530 1911 3615; x_wconf 87' lang='lat' dir='ltr'>originem</span> <span class='ocrx_word' id='word_1_212' title='bbox 1959 3536 2188 3594; x_wconf 87' lang='lat' dir='ltr'>autem</span> <span class='ocrx_word' id='word_1_213' title='bbox 2211 3536 2536 3617; x_wconf 89' lang='lat' dir='ltr'>ceperunt</span> <span class='ocrx_word' id='word_1_214' title='bbox 2561 3553 2598 3594; x_wconf 93' lang='lat' dir='ltr'>e</span> <span class='ocrx_word' id='word_1_215' title='bbox 2621 3530 2819 3595; x_wconf 91' lang='lat' dir='ltr'>bellis</span> 
     </span>
     <span class='ocr_line' id='line_1_29' title="bbox 474 3636 2819 3724; baseline 0.002 -23"><span class='ocrx_word' id='word_1_216' title='bbox 474 3660 516 3701; x_wconf 90' lang='lat' dir='ltr'>a</span> <span class='ocrx_word' id='word_1_217' title='bbox 568 3658 826 3702; x_wconf 90' lang='lat' dir='ltr'>summo</span> <span class='ocrx_word' id='word_1_218' title='bbox 896 3637 1181 3724; x_wconf 91' lang='lat' dir='ltr'>imperio</span> <span class='ocrx_word' id='word_1_219' title='bbox 1248 3637 1583 3723; x_wconf 81' lang='lat' dir='ltr'>gerendiS,</span> <span class='ocrx_word' id='word_1_220' title='bbox 1653 3637 1759 3701; x_wconf 91' lang='lat' dir='ltr'>his</span> <span class='ocrx_word' id='word_1_221' title='bbox 1806 3636 1970 3703; x_wconf 90' lang='lat' dir='ltr'>locis</span> <span class='ocrx_word' id='word_1_222' title='bbox 2011 3659 2242 3703; x_wconf 91' lang='lat' dir='ltr'>eorum</span> <span class='ocrx_word' id='word_1_223' title='bbox 2285 3644 2583 3724; x_wconf 89' lang='lat' dir='ltr'>potestas</span> <span class='ocrx_word' id='word_1_224' title='bbox 2630 3646 2819 3705; x_wconf 86' lang='lat' dir='ltr'>auto-</span> 
     </span>
     <span class='ocr_line' id='line_1_30' title="bbox 474 3742 2819 3832; baseline 0.001 -25"><span class='ocrx_word' id='word_1_225' title='bbox 474 3742 756 3808; x_wconf 88' lang='lat' dir='ltr'>cratoris</span> <span class='ocrx_word' id='word_1_226' title='bbox 826 3743 1042 3827; x_wconf 71' lang='lat' dir='ltr'>titulo,</span> <span class='ocrx_word' id='word_1_227' title='bbox 1116 3750 1186 3808; x_wconf 89' lang='lat' dir='ltr'>et</span> <span class='ocrx_word' id='word_1_228' title='bbox 1235 3744 1612 3832; x_wconf 87' lang='lat' dir='ltr'>privilegiis</span> <span class='ocrx_word' id='word_1_229' title='bbox 1657 3745 1817 3809; x_wconf 91' lang='lat' dir='ltr'>huic</span> <span class='ocrx_word' id='word_1_230' title='bbox 1885 3745 2085 3811; x_wconf 88' lang='lat' dir='ltr'>titulo</span> <span class='ocrx_word' id='word_1_231' title='bbox 2157 3744 2546 3831; x_wconf 86' lang='lat' dir='ltr'>conjunctis,</span> <span class='ocrx_word' id='word_1_232' title='bbox 2622 3754 2819 3810; x_wconf 86' lang='lat' dir='ltr'>aucta</span> 
     </span>
     <span class='ocr_line' id='line_1_31' title="bbox 474 3850 2820 3938; baseline 0.001 -23"><span class='ocrx_word' id='word_1_233' title='bbox 474 3854 614 3931; x_wconf 85' lang='lat' dir='ltr'>est3</span> <span class='ocrx_word' id='word_1_234' title='bbox 662 3856 933 3936; x_wconf 85' lang='lat' dir='ltr'>praeter</span> <span class='ocrx_word' id='word_1_235' title='bbox 978 3872 1183 3938; x_wconf 86' lang='lat' dir='ltr'>supra</span> <span class='ocrx_word' id='word_1_236' title='bbox 1236 3857 1608 3916; x_wconf 88' lang='lat' dir='ltr'>memorata</span> <span class='ocrx_word' id='word_1_237' title='bbox 1672 3850 1880 3915; x_wconf 88' lang='lat' dir='ltr'>etiam</span> <span class='ocrx_word' id='word_1_238' title='bbox 1926 3851 2318 3917; x_wconf 90' lang='lat' dir='ltr'>addendum</span> <span class='ocrx_word' id='word_1_239' title='bbox 2363 3858 2465 3916; x_wconf 91' lang='lat' dir='ltr'>est</span> <span class='ocrx_word' id='word_1_240' title='bbox 2504 3852 2616 3937; x_wconf 86' lang='lat' dir='ltr'>jus</span> <span class='ocrx_word' id='word_1_241' title='bbox 2663 3873 2820 3918; x_wconf 90' lang='lat' dir='ltr'>con-</span> 
     </span>
     <span class='ocr_line' id='line_1_32' title="bbox 473 3954 2819 4047; baseline 0.002 -27"><span class='ocrx_word' id='word_1_242' title='bbox 473 3954 745 4021; x_wconf 84' lang='lat' dir='ltr'>ferendi</span> <span class='ocrx_word' id='word_1_243' title='bbox 810 3956 1088 4022; x_wconf 85' lang='lat' dir='ltr'>titulum</span> <span class='ocrx_word' id='word_1_244' title='bbox 1164 3959 1385 4043; x_wconf 60' lang='grc' dir='ltr'>ἲ,φίλος</span> <span class='ocrx_word' id='word_1_245' title='bbox 1443 3956 1836 4034; x_wconf 46' lang='lat' dir='ltr'>fixeram?</span> <span class='ocrx_word' id='word_1_246' title='bbox 1897 3979 2186 4044; x_wconf 90' lang='lat' dir='ltr'>cumque</span> <span class='ocrx_word' id='word_1_247' title='bbox 2256 3979 2334 4024; x_wconf 91' lang='lat' dir='ltr'>eo</span> <span class='ocrx_word' id='word_1_248' title='bbox 2394 3957 2595 4024; x_wconf 87' lang='lat' dir='ltr'>titulo</span> <span class='ocrx_word' id='word_1_249' title='bbox 2662 3981 2819 4047; x_wconf 89' lang='lat' dir='ltr'>pur-</span> 
     </span>
    </p>
   </div>
   <div class='ocr_carea' id='block_1_3' title="bbox 478 4128 900 4136">
    <p class='ocr_par' dir='ltr' id='par_1_5' title="bbox 478 4128 900 4136">
     <span class='ocr_line' id='line_1_33' title="bbox 478 4128 900 4136; baseline 0 0"><span class='ocrx_word' id='word_1_250' title='bbox 478 4128 900 4136; x_wconf 95' lang='lat' dir='ltr'> </span> 
     </span>
    </p>
   </div>
   <div class='ocr_carea' id='block_1_4' title="bbox 474 4228 2811 4383">
    <p class='ocr_par' dir='ltr' id='par_1_6' title="bbox 474 4228 2811 4383">
     <span class='ocr_line' id='line_1_34' title="bbox 527 4228 2811 4296; baseline -0.002 -10"><span class='ocrx_word' id='word_1_251' title='bbox 527 4230 578 4296; x_wconf 82' lang='grc'>1)</span> <span class='ocrx_word' id='word_1_252' title='bbox 613 4231 767 4285; x_wconf 89' lang='lat' dir='ltr'>Diod.</span> <span class='ocrx_word' id='word_1_253' title='bbox 807 4231 890 4285; x_wconf 84' lang='lat'>19.</span> <span class='ocrx_word' id='word_1_254' title='bbox 931 4231 1014 4285; x_wconf 90' lang='lat'>14.</span> <span class='ocrx_word' id='word_1_255' title='bbox 1055 4233 1101 4285; x_wconf 86' lang='lat'>1.</span> <span class='ocrx_word' id='word_1_256' title='bbox 1141 4229 1398 4292; x_wconf 71' lang='grc' dir='ltr'>σατράπης</span> <span class='ocrx_word' id='word_1_257' title='bbox 1434 4229 1639 4294; x_wconf 71' lang='grc' dir='ltr'><strong><em>Μηδίας,</em></strong></span> <span class='ocrx_word' id='word_1_258' title='bbox 1678 4232 1962 4294; x_wconf 73' lang='grc' dir='ltr'><strong><em>στρατηγὸς</em></strong></span> <span class='ocrx_word' id='word_1_259' title='bbox 1999 4229 2051 4280; x_wconf 74' lang='grc' dir='ltr'>δὲ</span> <span class='ocrx_word' id='word_1_260' title='bbox 2087 4235 2183 4279; x_wconf 75' lang='grc' dir='ltr'>τῶν</span> <span class='ocrx_word' id='word_1_261' title='bbox 2221 4228 2318 4279; x_wconf 76' lang='grc' dir='ltr'>ἷένω</span> <span class='ocrx_word' id='word_1_262' title='bbox 2355 4237 2661 4295; x_wconf 73' lang='grc' dir='ltr'><strong><em>σατραπειῶν</em></strong></span> <span class='ocrx_word' id='word_1_263' title='bbox 2681 4233 2811 4283; x_wconf 71' lang='lat' dir='ltr'>oe‘oroe·</span> 
     </span>
     <span class='ocr_line' id='line_1_35' title="bbox 474 4322 871 4383; baseline -0.005 -14"><span class='ocrx_word' id='word_1_264' title='bbox 474 4325 572 4369; x_wconf 77' lang='grc' dir='ltr'>σῶν</span> <span class='ocrx_word' id='word_1_265' title='bbox 604 4322 871 4383; x_wconf 77' lang='grc' dir='ltr'><strong><em>γενόμενος.</em></strong></span> 
     </span>
    </p>
   </div>
   <div class='ocr_carea' id='block_1_5' title="bbox 529 4408 1109 4564">
    <p class='ocr_par' dir='ltr' id='par_1_7' title="bbox 529 4408 1109 4564">
     <span class='ocr_line' id='line_1_36' title="bbox 529 4408 1081 4473; baseline 0.005 -14"><span class='ocrx_word' id='word_1_266' title='bbox 529 4408 580 4473; x_wconf 83' lang='lat'>2&gt;</span> <span class='ocrx_word' id='word_1_267' title='bbox 616 4408 772 4462; x_wconf 78' lang='lat' dir='ltr'>Diod.</span> <span class='ocrx_word' id='word_1_268' title='bbox 815 4408 896 4461; x_wconf 87' lang='lat'>18.</span> <span class='ocrx_word' id='word_1_269' title='bbox 938 4409 986 4461; x_wconf 84' lang='lat'>7.</span> <span class='ocrx_word' id='word_1_270' title='bbox 1031 4409 1081 4462; x_wconf 87' lang='lat'>3.</span> 
     </span>
     <span class='ocr_line' id='line_1_37' title="bbox 533 4495 1109 4564; baseline -0.002 -15"><span class='ocrx_word' id='word_1_271' title='bbox 533 4495 581 4564; x_wconf 81' lang='grc'>3)</span> <span class='ocrx_word' id='word_1_272' title='bbox 620 4497 774 4550; x_wconf 77' lang='lat' dir='ltr'>Diod.</span> <span class='ocrx_word' id='word_1_273' title='bbox 815 4497 898 4550; x_wconf 85' lang='lat'>19.</span> <span class='ocrx_word' id='word_1_274' title='bbox 939 4497 1022 4550; x_wconf 88' lang='lat'>14.</span> <span class='ocrx_word' id='word_1_275' title='bbox 1060 4497 1109 4549; x_wconf 88' lang='lat'>4.</span> 
     </span>
    </p>
   </div>
  </div>
 </body>
</html>
