3338 5350
1368 502 1577 579 '97

364 713 437 778 in
495 713 697 779 rebus
743 714 951 796 gestis
998 719 1140 777 tam
1185 719 1419 778 contra
1463 712 1908 798 Antigonum,
1958 733 2160 797 quam
2202 720 2439 778 contra
2480 709 2705 778 Ptole-

367 843 655 886 maeum.
725 820 775 886 J
779 843 890 885 am
960 842 1163 908 supra
1207 821 1584 885 indicatum
1642 825 1744 884 est
1799 841 2123 905 magnum
2170 818 2393 885 locum
2439 820 2707 885 tributis

364 928 804 993 tribuendum
867 949 1010 992 esse
1068 929 1245 992 inter
1289 928 1656 1015 praecipua
1696 928 1853 1010 jura
1914 948 2209 992 summae
2254 929 2610 1015 potestatis
2633 930 2704 1011 1),

366 1035 598 1099 Etiam
666 1035 1040 1099 indicatum
1085 1040 1188 1099 est
1208 1033 1261 1115 ²)
1330 1055 1412 1099 ea
1477 1035 1638 1099 inde
1708 1034 1793 1099 ab
1864 1054 2042 1099 anno
2110 1034 2241 1099 323
2304 1033 2476 1099 nihil
2522 1033 2706 1099 aliud

363 1140 571 1206 fuisse
616 1141 741 1205 nisi
812 1141 881 1206 id
930 1141 1114 1227 quod
1184 1149 1532 1228 supererat
1578 1163 1615 1205 e
1660 1141 2043 1229 sumptibus
2114 1141 2708 1207 administrationis

361 1248 752 1335 provinciae
794 1246 1097 1331 alicujuS,
1131 1247 1330 1333 ⁴quod
1374 1250 1447 1312 in
1492 1248 1794 1313 diversos
1842 1248 2196 1314 thesauros
2240 1249 2506 1336 imperii
2552 1270 2707 1314 con-

364 1353 574 1420 fluere
642 1354 953 1420 debebat.
1044 1353 1128 1419 Id
1197 1361 1425 1420 autem
1494 1359 1768 1421 omnino
1835 1376 1973 1420 non
2017 1356 2329 1421 fictitium
2375 1355 2583 1420 fuisse
2627 1376 2711 1419 ex

364 1461 492 1526 hac
560 1483 635 1527 re
705 1462 1027 1547 sequitur,
1088 1462 1291 1548 quod,
1360 1462 1707 1548 Antigono
1782 1462 1855 1526 in
1922 1463 2088 1528 Asia
2153 1467 2486 1548 regnante
2552 1462 2711 1526 inde

366 1568 450 1633 ab
515 1589 694 1633 anno
752 1569 884 1632 315
931 1568 1018 1633 ad
1067 1590 1124 1633 a.
1174 1569 1326 1650 312,
1391 1574 1725 1655 quantum
1785 1570 2084 1656 pertinet
2139 1569 2227 1634 ad
2271 1569 2473 1654 hujus
2516 1567 2706 1650 fineS,

363 1676 696 1739 tributum
742 1675 947 1740 Asiae
993 1675 1348 1741 constabat
1396 1697 1479 1740 ex
1500 1676 1818 1740 undecim
1840 1676 2113 1740 milibus
2137 1675 2486 1741 talentum.
2513 1676 2712 1740 Hanc

366 1781 450 1846 ob
518 1804 683 1866 rem,
744 1782 1055 1869 quamvis
1124 1781 1263 1847 alto
1320 1781 1587 1847 silentio
1647 1783 1928 1849 historia
1986 1783 2110 1848 has
2156 1806 2261 1848 res
2306 1787 2708 1871 praetereat,

365 1887 590 1954 facere
667 1909 806 1954 non
888 1910 1242 1976 possumus
1344 1889 1510 1975 quin
1594 1890 2027 1977 suspicemur,
2118 1892 2469 1955 thesauros
2558 1889 2708 1955 illos

369 2001 435 2060 et
492 1996 752 2061 tributa
814 1994 935 2061 illa
1000 1997 1372 2061 maximum
1438 1996 1955 2062 incitamentum
2022 1995 2229 2062 fuisse
2299 1997 2386 2061 ad
2454 1996 2711 2061 bellum

367 2104 759 2189 gerendum,
821 2102 1152 2191 imprimis
1215 2127 1255 2169 a
1315 2110 1513 2192 parte
1571 2105 1863 2192 imperii.
1953 2105 2134 2170 Nam
2196 2106 2457 2170 etiamsi
2502 2105 2709 2169 ratio-

366 2234 483 2276 nes
560 2210 935 2276 Ptolemaei
1020 2211 1202 2299 apud
1270 2211 1666 2276 thesaurum
1729 2213 2218 2299 apparuissent,
2304 2212 2487 2299 quod
2566 2213 2709 2277 sine

370 2319 573 2383 dubio
640 2339 780 2383 non
840 2319 938 2383 ita
983 2317 1117 2384 fuit
1159 2317 1273 2402 (cf.
1322 2342 1391 2406 p.
1438 2320 1567 2401 95),
1636 2325 1870 2384 tamen
1931 2320 2077 2404 jam
2144 2321 2306 2384 inde
2375 2319 2461 2384 ab
2532 2341 2709 2384 anno

368 2426 497 2490 323
543 2425 900 2490 Perdiccas
945 2425 1262 2491 thesauro
1311 2425 1712 2491 interclusus
1761 2432 1938 2509 erat3
1988 2427 2168 2512 quod
2207 2426 2264 2490 is
2287 2425 2476 2490 nullo
2501 2426 2703 2490 modo

366 2531 653 2597 tolerare
697 2533 955 2620 potuit3
1020 2532 1270 2619 alioqui
1314 2539 1461 2598 tota
1514 2534 1873 2621 Aegyptus
1921 2532 2006 2597 ab
2052 2533 2334 2619 imperio
2381 2532 2708 2597 dissoluta

370 2647 544 2705 esset
566 2638 635 2720 3).

453 2748 652 2813 Hanc
698 2747 986 2813 eandem
1029 2770 1174 2814 rem
1216 2750 1469 2836 primas
1514 2754 1743 2835 partes
1767 2749 1982 2834 egisse
2006 2754 2153 2812 tum
2175 2768 2332 2812 cum
2353 2746 2701 2833 Antigono

366 2858 716 2941 provincia
786 2855 1215 2939 adimeretur,
1302 2855 1684 2921 verosimile
1769 2856 2040 2940 quidem
2110 2862 2239 2939 est3
2308 2856 2710 2921 mandatum

370 2963 743 3049 adjuvandi
788 2963 1168 3028 Eumenem
1211 2969 1642 3051 praetextum
1688 2962 1973 3028 fortasse
2018 2962 2168 3048 fuit,
2219 2984 2352 3050 quo
2409 2962 2710 3028 efficeret

369 3071 725 3137 Perdiccas
747 3077 827 3135 ut
847 3069 1234 3156 Antigonus
1257 3072 1581 3157 pecunias
1606 3071 1910 3135 residuas
1935 3071 2249 3136 redderet
2270 3092 2392 3157 per
2416 3093 2712 3159 expensa

368 3179 436 3242 in
459 3178 891 3244 commodum
935 3178 1200 3265 imperii
1254 3177 1587 3243 facienda.

456 3283 799 3370 Quidquid
870 3285 955 3350 de
1023 3285 1153 3351 hac
1194 3307 1269 3350 re
1332 3292 1451 3370 est,
1514 3284 1773 3351 bellum
1810 3284 1956 3371 jam
2003 3285 2195 3350 brevi
2240 3291 2397 3372 post
2442 3287 2708 3370 exarsit,

370 3393 723 3458 Perdiccas
770 3387 838 3456 et
879 3390 1219 3457 Eumenes
1268 3415 1309 3457 a
1352 3399 1547 3480 parte
1591 3393 1854 3481 imperii
1895 3391 2188 3477 stabant,
2228 3392 2472 3480 reliqui
2515 3416 2710 3482 prae-

370 3506 545 3565 tores
593 3520 737 3564 sese
785 3504 1021 3565 contra
1065 3521 1178 3565 eos
1222 3500 1739 3585 conjunxerunt.

456 3606 614 3672 Non
658 3612 965 3671 nostrum
1011 3612 1114 3673 est
1180 3612 1402 3672 totum
1466 3606 1635 3672 illud
1682 3607 1938 3673 bellum
1993 3609 2349 3695 persequi3
2419 3610 2580 3673 satis
2625 3610 2711 3673 sit

369 3712 495 3778 hoc
538 3734 930 3797 memorare,
978 3711 1236 3778 bellum
1280 3714 1352 3778 in
1395 3713 1562 3779 Asia
1607 3714 1692 3779 ab
1737 3716 2046 3781 Eumene
2089 3736 2408 3802 prospere
2446 3720 2707 3801 gestum

371 3840 530 3902 esse,
577 3819 973 3885 Perdiccam
1019 3826 1267 3903 autem,
1312 3827 1676 3908 postquam
1740 3822 2083 3910 repulsam
2141 3821 2301 3886 tulit
2346 3821 2432 3886 ad
2477 3821 2708 3886 Nilum

372 3923 619 3991 flumen
661 3927 735 3991 in
778 3928 1069 3992 tentorio
1117 3949 1237 3993 suo
1285 3927 1720 3993 interfectum
1766 3950 1927 3994 esse.

457 4033 676 4099 Morte
720 4034 1083 4099 Perdiccae
1126 4037 1422 4122 primum
1468 4036 1762 4123 spatium
1807 4038 1878 4100 in
1922 4036 2202 4101 historia
2246 4036 2512 4123 imperii
2556 4041 2712 4123 post

426 4291 471 4362 1)
508 4294 575 4347 cf.
611 4311 664 4363 p.
703 4294 789 4347 64.

425 4381 474 4449 2)
511 4400 564 4452 p.
601 4382 687 4437 80.

429 4470 472 4540 3)
509 4473 575 4528 cf.
612 4491 669 4540 p.
707 4472 791 4525 93.
