3338 5350
1627 489 1757 552 104

519 684 626 747 καὶ
692 688 787 747 νῦν
850 681 1038 747 οἴεται
1100 684 1220 747 δεῖν
1284 684 1433 763 ὑπὲρ
1490 693 1599 759 τῆς
1646 693 1838 758 κοινῆς
1882 689 1999 749 τῶν
2049 686 2357 759 Ἑλλήνων
2407 686 2704 768 σωτηρίας
2749 686 2857 750 καὶ

517 791 764 869 σώμασι
815 791 922 856 καὶ
975 791 1256 871 χρήμασι
1304 792 1410 856 καὶ
1460 793 1635 857 ναυσὶ
1685 791 2151 873 προκινδυνεύειν
2194 793 2265 876 1).

606 899 699 964 Et
765 899 931 963 dum
997 898 1207 985 legati
1278 899 1382 965 illi
1447 901 1676 968 varias
1743 900 1944 966 urbes
2013 901 2288 984 adeunt,
2382 900 2638 967 bellum
2712 900 2860 987 jam

517 1006 784 1072 exarsit.
880 1005 1087 1092 Cujus
1134 1006 1296 1073 belli
1340 1008 1623 1074 historia
1685 1030 1764 1074 eo
1832 1008 2035 1074 modo
2098 1008 2173 1073 in
2218 1030 2429 1073 unum
2478 1008 2662 1074 cadit
2706 1031 2861 1073 cum

516 1113 798 1179 historia
863 1115 1198 1180 societatis
1270 1136 1475 1201 quam
1544 1115 1791 1181 Graeci
1858 1121 2023 1183 tunc
2083 1115 2399 1193 inierunt,
2461 1121 2539 1181 ut
2586 1118 2860 1182 omnino

520 1219 816 1306 disjungi
861 1242 1000 1315 non
1042 1223 1323 1309 possint,
1369 1221 1650 1287 historia
1701 1222 1905 1309 hujus
1951 1221 2115 1288 belli
2138 1222 2377 1288 eodem
2419 1230 2724 1312 tempore
2770 1225 2861 1288 sit

512 1327 791 1393 historia
836 1329 1172 1394 societatis
1219 1328 1634 1395 Hellenicae.

604 1435 687 1500 In
734 1436 902 1501 duas
969 1442 1197 1523 partes
1270 1442 1499 1501 autem
1564 1443 1857 1526 utraque
1902 1437 2275 1503 dividenda
2320 1443 2443 1521 est,
2505 1459 2680 1525 quae
2725 1437 2862 1503 dis·

512 1542 964 1608 terminantur
1031 1548 1248 1608 morte
1313 1543 1714 1610 Leosthenis
1783 1549 1850 1609 et
1913 1543 2262 1610 obsidione
2324 1544 2608 1610 Lamiae
2652 1545 2856 1611 urbis

512 1649 691 1714 Nam
751 1671 964 1737 usque
1011 1650 1098 1715 ad
1143 1649 1315 1715 illud
1359 1656 1686 1739 punctum
1730 1651 2075 1739 temporie,
2123 1650 2323 1717 simul
2367 1672 2524 1717 cum
2569 1650 2769 1717 rebus
2818 1674 2861 1716 a

510 1756 892 1823 Leosthene
932 1779 1254 1846 prospere
1298 1758 1524 1843 gestis,
1572 1756 1782 1822 etiam
1830 1742 2131 1823 societas
2174 1778 2470 1823 crescere
2516 1758 2857 1845 perrexit3

509 1870 664 1953 post
706 1864 910 1950 hujus
956 1875 1243 1931 mortem
1288 1871 1535 1948 autem,
1584 1886 1739 1930 cum
1785 1886 1890 1929 res
1937 1864 2263 1930 adversae
2291 1863 2554 1948 fierent,
2600 1864 2860 1930 bellum

509 1972 704 2058 quasi
748 1973 1307 2058 exstingueretur,
1358 1972 1596 2037 eodem
1640 1977 1947 2060 tempore
1994 1973 2275 2038 societas
2315 1992 2584 2059 quoque
2609 1973 2857 2037 sensim

509 2078 1004 2167 paullatimque
1051 2079 1315 2168 dilapsa
1359 2085 1479 2145 est.

595 2185 1012 2252 Leosthenes
1058 2186 1315 2251 bellum
1364 2187 1659 2273 suscepit
1701 2185 2190 2273 proficiscendo
2260 2188 2332 2251 in
2376 2185 2654 2252 Aetolos
2700 2206 2856 2250 cum

506 2293 834 2358 militibus
881 2295 1017 2360 suis
1057 2315 1303 2381 eosque
1350 2296 1561 2360 socios
1601 2293 1728 2359 sibi
1777 2294 2084 2359 adscivit.
2172 2294 2348 2358 Tum
2394 2293 2483 2358 ad
2529 2292 2853 2358 Thermo-

507 2389 706 2488 pylas
751 2398 1116 2489 profectuS,
1188 2401 1314 2466 sibi
1385 2400 1707 2489 deinceps
1769 2399 2080 2487 adjunxit
2126 2406 2395 2465 tantum
2439 2421 2574 2465 non
2623 2421 2857 2466 omnes

508 2506 710 2572 urbes
779 2507 1185 2592 Thessaliae,
1259 2508 1530 2593 Locros,
1599 2507 2004 2589 Phocenses,
2092 2529 2244 2573 eam
2310 2512 2577 2594 partem
2641 2505 2852 2572 Acar-

506 2614 753 2680 naniae
821 2637 996 2703 quae
1054 2614 1315 2682 Aetolis
1384 2615 1690 2703 subjecta
1757 2620 1922 2699 erat,
1992 2615 2332 2682 Aenianes
2401 2613 2739 2701 Alyzaeos
2787 2619 2858 2679 et

508 2722 825 2811 Dolopes,
875 2724 1152 2812 insuper
1197 2723 1643 2808 AthamaneS,
1683 2723 2087 2807 Leucadios,
2133 2722 2459 2788 Molossos
2503 2722 2855 2809 Aryptaeo

509 2830 698 2913 duce,
742 2830 859 2916 qui
907 2835 1135 2895 autem
1178 2830 1411 2919 paullo
1455 2838 1611 2918 post
1654 2832 1728 2896 in
1763 2835 1992 2919 partes
2029 2830 2508 2896 Macedonicae
2548 2850 2619 2893 se
2662 2827 2853 2893 incli-

509 2937 723 3019 navit,
798 2937 1002 3001 etiam
1063 2945 1328 3025 partem
1396 2937 1787 3025 Hlyriorum
1858 2944 1925 3003 et
1990 2938 2348 3020 Thracum,
2420 2937 2537 3023 qui
2582 2935 2736 3001 odio
2781 2937 2854 3000 in

504 3043 909 3108 Macedones
956 3044 1043 3109 ad
1089 3043 1343 3109 bellum
1391 3044 1838 3111 trahebantur
1857 3046 1932 3131 2).
2025 3043 2161 3110 Sed
2209 3045 2448 3110 eodem
2492 3041 2638 3108 fere
2681 3048 2851 3108 tem-

499 3172 667 3238 pore
711 3172 856 3215 sese
898 3150 1380 3217 Macedonibus
1423 3151 1978 3240 applicaverunt:
2027 3152 2287 3235 Boeoti,
2324 3152 2754 3218 Euboeenses
2778 3150 2850 3245 3),

503 3255 831 3343 Carystiis
902 3259 1218 3345 exceptiS,
1281 3258 1544 3345 reliqua
1609 3282 1769 3346 pars
1837 3259 2262 3326 Acarnaniae
2315 3281 2490 3345 quae
2538 3260 2640 3324 sui
2678 3257 2852 3345 juris

503 3370 665 3449 erat,
712 3364 955 3430 Lamia
1002 3371 1070 3430 et
1121 3364 1453 3431 Heraclea
1499 3366 1587 3431 ad
1635 3366 2145 3455 Thermopylas,
2193 3365 2467 3432 Thebae
2512 3365 2849 3431 Phthioti-

504 3470 632 3536 dae
680 3477 748 3535 et
793 3469 1083 3536 Pelinna
1107 3471 1180 3556 4).
1246 3472 1378 3539 Hic
1423 3470 1566 3538 fere
1613 3480 1829 3539 status
1874 3472 2007 3539 fuit
2053 3474 2387 3540 societatis
2431 3472 2846 3556 Hellenicae‚

499 3599 655 3643 cum
720 3583 876 3666 post
942 3601 1248 3666 pugnam
1316 3580 1499 3668 apud
1567 3579 1965 3645 Heracleam
2011 3582 2375 3669 Antipater
2418 3579 2699 3645 Lamiae
2744 3581 2848 3644 in-

499 3683 721 3750 clusus
773 3691 895 3749 est.

521 3789 530 3800 ⁶
591 3791 916 3857 Successu
978 3797 1206 3858 autem
1254 3793 1776 3859 Atheniensium
1821 3794 2160 3878 incitatae,
2197 3799 2574 3859 commotae
2618 3791 2845 3858 horta-

496 3897 791 3964 tionibus
836 3899 1218 3985 legatorum
1260 3902 1332 3964 in
1377 3900 1843 3989 Peloponneso
1891 3900 2405 3985 ambulantium,
2452 3899 2845 3988 HyperidiS,

548 4167 597 4233 1)
636 4167 797 4222 Diod.
845 4167 927 4221 18.
967 4167 1049 4221 10.

550 4265 600 4324 2)
638 4264 794 4319 Diod.
837 4265 918 4318 18.
960 4266 1040 4318 11.
1081 4266 1129 4318 1.
1168 4266 1332 4320 Paus.
1371 4266 1419 4319 1.
1458 4265 1542 4318 25.
1581 4265 1631 4319 3.
1674 4265 1867 4335 Droys.
1908 4265 1957 4319 2.
1997 4267 2027 4320 1
2084 4265 2154 4319 52
2186 4282 2311 4320 ann.
2358 4267 2411 4319 2.

555 4353 603 4420 3)
641 4354 837 4425 Droys.
877 4355 926 4407 2.
970 4356 1017 4408 1.
1054 4354 1125 4408 50
1161 4371 1286 4408 ann.
1326 4355 1377 4409 3.

553 4442 602 4510 4)
644 4444 907 4497 Schaefer
943 4443 1098 4497 Dem.
1137 4444 1186 4497 3.
1226 4444 1348 4497 365.
