3338 5350
1659 528 1788 591 150

548 749 759 809 suam,
849 726 904 789 si
990 724 1076 789 ab
1164 722 1380 788 altera
1464 729 1659 811 parte
1745 745 1856 788 eos
1948 729 2346 809 agnosceret
2411 728 2490 788 ut
2559 721 2896 808 legitimos

547 842 910 922 praetores,

636 937 1022 1026 Antigonus
1091 945 1320 1004 autem
1386 958 1619 1003 omnes
1690 937 1870 1001 vires
1943 937 2242 1003 intendit
2311 943 2387 1002 ut
2448 937 2731 1003 consilia
2776 958 2899 1001 sua

550 1054 1046 1134 exsequeretur.
1137 1044 1343 1111 Anno
1412 1043 1543 1109 307
1613 1044 2040 1109 Demetrium
2122 1035 2340 1109 filium
2423 1066 2676 1130 magna
2741 1064 2898 1107 cum

549 1155 762 1220 classe
828 1156 902 1218 in
968 1153 1327 1218 Graeciam
1390 1149 1698 1218 Athenas
1745 1151 1948 1234 misit,
2020 1157 2098 1215 ut
2164 1152 2445 1216 tandem
2509 1150 2898 1215 libertatem

548 1264 751 1328 toties
796 1261 1219 1349 promissam,
1270 1279 1537 1347 semper
1579 1264 1808 1322 autem
1855 1258 1943 1323 ad
1988 1259 2338 1346 propriam
2362 1257 2897 1323 dominationem

549 1364 1085 1432 confirmandam
1136 1387 1177 1430 a
1218 1365 1644 1452 praetoribus
1691 1364 2087 1449 adhibitam,
2135 1364 2275 1429 illic
2320 1364 2723 1448 institueret,
2772 1364 2899 1429 im-

549 1473 787 1561 primis
875 1479 956 1538 ut
1023 1471 1154 1537 sibi
1221 1470 1516 1537 Graecos
1587 1472 1800 1537 socios
1887 1478 2123 1538 contra
2190 1472 2484 1558 reliquos
2552 1476 2897 1559 praetores

550 1585 840 1668 pararet.
891 1580 982 1644 Et
1028 1601 1268 1645 revera
1312 1584 1584 1666 praeter
1628 1577 1936 1643 Athenas
1984 1577 2244 1665 aliquot
2286 1578 2487 1644 urbes
2533 1577 2901 1644 Cassandri

552 1687 958 1752 detrimento
1002 1687 1077 1750 in
1121 1685 1511 1751 libertatem
1555 1685 1911 1751 restitutae
1933 1691 2111 1750 sunt.
2160 1686 2244 1751 In
2289 1686 2606 1752 universo
2651 1684 2899 1750 Graeci

549 1795 992 1860 vehementer
1057 1793 1377 1859 commoti
1446 1799 1604 1857 sunt
1675 1792 1875 1858 rebus
1949 1815 1989 1858 a
2055 1794 2401 1858 Demetrio
2471 1794 2699 1879 gestis,
2770 1815 2900 1859 nec

548 1908 781 1967 tamen
861 1900 1230 1987 quicquam
1311 1900 1475 1965 novi
1563 1898 1784 1965 moliti
1854 1905 2031 1983 sunt,
2100 1899 2232 1965 nisi
2300 1900 2483 1986 quod
2549 1900 2896 1988 Epirotae,

547 2007 907 2074 interfecto
1003 2005 1247 2071 Alceta
1350 2004 1714 2071 Cassandri
1806 2006 2040 2091 amico,
2131 2006 2473 2093 Pyrrhum
2556 2008 2897 2074 Aeacidae

548 2114 767 2179 filium
834 2114 908 2178 in
974 2135 1261 2200 regnum
1328 2118 1694 2201 paternum
1758 2113 2236 2196 restituerunt3
2307 2114 2438 2179 nisi
2508 2115 2691 2200 quod
2760 2115 2896 2181 De-

548 2222 829 2287 metrius
914 2221 1124 2287 socios
1210 2243 1362 2286 suos
1449 2221 1767 2307 synedrio
1835 2220 2189 2305 conjunxit
2235 2221 2307 2309 1).
2401 2222 2659 2288 Tamen
2727 2222 2898 2288 nihil

551 2330 636 2394 de
702 2330 832 2394 hac
899 2350 971 2394 re
1041 2329 1173 2394 nisi
1238 2329 1463 2416 ipsum
1528 2326 1789 2393 factum
1852 2334 2144 2394 aetatem
2203 2328 2384 2412 tulit,
2448 2328 2681 2417 paullo
2741 2336 2899 2417 post

549 2436 935 2502 Demetrius
996 2459 1037 2501 a
1095 2443 1290 2524 patre
1350 2441 1705 2501 revocatus
1766 2441 1891 2519 est,
1949 2441 2027 2500 ut
2084 2436 2340 2501 bellum
2389 2444 2626 2502 contra
2671 2436 2898 2503 Ptole-

552 2565 825 2609 maeum
874 2544 1260 2631 susciperet.

640 2649 948 2715 Tandem
975 2633 1172 2717 ⁸anno
1219 2650 1351 2716 306
1400 2655 1556 2739 post
1602 2648 1962 2715 victoriam
2009 2650 2192 2738 apud
2240 2649 2656 2717 Salaminem
2700 2652 2900 2718 Anti-

551 2779 770 2844 gonus
813 2759 1078 2844 regium
1122 2758 1400 2822 titulum
1450 2759 1833 2845 assumpsit.
1925 2758 2032 2823 Ne
2077 2757 2205 2823 hac
2271 2758 2550 2845 quidem
2594 2782 2667 2824 re
2717 2761 2900 2845 quic·

555 2886 760 2950 quam
828 2863 1137 2950 profecit,
1206 2887 1370 2929 nam
1440 2864 1816 2930 adversarii
1888 2864 2032 2950 ejus
2076 2863 2526 2948 PtolemaeuS,
2578 2864 2900 2931 Seleucus

553 2969 1017 3056 LysimachuS,
1088 2968 1468 3036 Cassander
1538 2970 1924 3057 exemplum
1995 2970 2138 3057 ejus
2213 2972 2425 3036 secuti
2495 2979 2674 3056 sunt,
2744 2996 2903 3039 cum

551 3077 936 3142 Demetrius
1008 3076 1092 3142 ab
1162 3078 1310 3165 ipso
1378 3084 1574 3165 patre
1619 3077 2007 3142 diademate
2054 3085 2330 3143 ornatus
2379 3078 2466 3143 sit
2488 3081 2561 3162 2).
2626 3080 2899 3166 Nequa-

551 3207 758 3270 quam
807 3184 901 3248 eis
944 3184 1251 3249 assentiri
1296 3206 1572 3271 possum
1619 3206 1794 3269 quae
1838 3185 2151 3270 Droysen
2210 3185 2273 3249 2.
2321 3186 2384 3251 2.
2439 3187 2563 3250 142
2620 3208 2764 3273 sqq.
2813 3188 2903 3252 de

550 3293 679 3357 hac
724 3315 797 3357 re
846 3292 1133 3380 scripsit,
1174 3293 1453 3357 minime
1499 3291 1776 3378 quidem
1823 3290 1941 3355 ubi
1988 3292 2195 3357 dicit:
2251 3292 2458 3378 „jetzt
2479 3294 2552 3357 in
2577 3294 2698 3359 der
2721 3294 2904 3359 That

558 3397 718 3477 „hat
778 3399 897 3463 das
963 3399 1186 3484 einige
1233 3398 1452 3464 Reich
1520 3399 1642 3463 das
1711 3397 2103 3464 Alexander
2148 3401 2533 3486 gegriindet
2598 3401 2721 3466 hat
2786 3402 2904 3466 ein

560 3504 857 3588 „Ende,''
928 3527 1148 3590 neque
1194 3505 1413 3590 magis
1461 3505 1674 3570 verba
1722 3503 1786 3571 vi
1835 3502 1898 3568 di
1945 3505 2150 3570 Niese
2199 3508 2254 3570 1.
2303 3529 2371 3594 p.
2423 3507 2571 3571 321.
2631 3508 2904 3585 „Damit

560 3611 806 3694 „erhob
879 3633 950 3675 er
1022 3612 1156 3676 den
1224 3611 1586 3699 Anspruch
1655 3612 1783 3677 auf
1839 3614 1951 3678 die
2016 3611 2420 3678 Herrschaft
2478 3614 2577 3677 im
2631 3636 2906 3700 ganzen

560 3718 834 3801 „Reich,
885 3720 1026 3783 und
1074 3724 1232 3800 trat,
1273 3718 1611 3784 nachdem
1630 3719 2055 3785 Alexanders
2081 3719 2487 3785 Geschlecht
2509 3743 2596 3784 zu
2620 3721 2905 3786 Grunde

561 3847 954 3912 „gegangen
1007 3849 1166 3909 war,
1237 3824 1446 3890 selbst
1515 3848 1603 3890 an
1665 3827 1907 3893 dessen
1970 3827 2246 3893 Stelle.”
2337 3825 2656 3892 Profecto
2701 3849 2904 3907 nemo

555 3938 652 3997 est
703 3932 871 4017 quin
916 3933 1150 3998 videat
1195 3933 1528 4019 Antigoni
1560 3941 1971 4021 potestatem
1995 3941 2158 3999 tunc
2181 3934 2504 4020 temporis
2544 3934 2615 3997 in
2641 3956 2905 4001 summo

551 4038 828 4125 fastigio
873 4037 1123 4105 fuisse:
1175 4041 1550 4106 Cassander
1600 4063 1764 4106 sane
1810 4041 2010 4106 rebus
2054 4043 2250 4106 novis
2295 4041 2368 4105 in
2392 4041 2622 4127 Epiro,
2652 4040 2901 4106 amissa

553 4147 952 4211 auctoritate
1035 4148 1108 4211 in
1175 4147 1460 4213 Graecia
1549 4147 1943 4212 debilitatus
2015 4154 2177 4231 erat,
2272 4147 2647 4212 Ptolemaei
2716 4148 2898 4213 vires

605 4398 657 4465 1)
695 4397 856 4452 Diod.
897 4399 981 4452 20.
1021 4398 1105 4451 46.
1145 4398 1195 4451 5.

607 4486 654 4557 2)
693 4487 849 4541 Diod.
895 4487 979 4542 20.
1018 4486 1103 4539 53.
1141 4486 1189 4540 4.
1230 4487 1377 4541 Plut.
1415 4487 1653 4540 Demetr.
1700 4486 1782 4541 18.
