3338 5350
1699 539 1829 606 108

678 735 1092 822 Synedrium
1136 735 1425 802 consulit
1470 736 1557 800 de
1599 758 1791 824 pace,
1838 742 1906 801 et
1951 738 2036 801 de
2079 737 2541 803 continuando
2587 737 2765 804 bello
2788 739 2855 817 ¹).

677 842 921 907 Graeci
991 863 1138 907 sese·
1201 842 1508 908 societati
1577 842 2099 931 applicaverunt
2166 850 2286 909 aut
2354 848 2502 907 κατ’
2551 842 2742 924 ἔθνος,
2806 851 2928 910 aut

588 947 761 1011 κατὰ
807 946 988 1012 πόλιν
1011 948 1090 1036 2).

676 1054 782 1120 De
818 1055 1021 1122 modo
1092 1053 1422 1141 suffragia
1486 1054 1776 1140 ferendi,
1840 1059 1927 1124 de
1993 1079 2275 1124 numero
2342 1057 2817 1144 suffragiorum
2884 1083 2929 1125 a

586 1160 866 1248 singulis
909 1161 1202 1227 latorum
1246 1161 1419 1228 nihil
1460 1183 1586 1250 pro
1624 1171 1805 1230 certo
1828 1172 2250 1253 compertum
2269 1164 2620 1231 habemus.
2666 1167 2928 1231 Tamen

587 1269 907 1356 suspicari
989 1270 1208 1334 ausim
1273 1269 1571 1354 singulos
1638 1271 1850 1337 socios
1935 1271 2205 1358 singula
2280 1269 2607 1358 suffragia
2667 1271 2923 1337 tulisse.

586 1374 812 1461 Vulgo
881 1381 1109 1441 autem
1172 1381 1422 1463 putant
1487 1377 1618 1441 viri
1665 1378 1847 1443 docti
1912 1379 2125 1444 secuti
2170 1379 2582 1444 Kumanidis
2629 1386 2698 1444 et
2742 1380 2809 1444 vi
2854 1379 2925 1443 di

585 1481 885 1548 Koehler
930 1483 1334 1548 sententiam
1354 1482 1427 1569 3),
1474 1485 1984 1572 inscriptionem
2027 1483 2330 1550 Atticam
2375 1482 2447 1550 O.
2472 1485 2528 1551 Ι.
2554 1485 2636 1552 Α.
2686 1485 2760 1552 II
2794 1489 2928 1567 184

585 1611 730 1656 esse
796 1589 1375 1655 enumerationem
1441 1592 1772 1657 sociorum
1840 1598 1909 1657 et
1954 1591 2432 1678 suffragiorum
2490 1615 2668 1680 quae
2707 1593 2792 1659 ab
2841 1595 2927 1660 iis

584 1698 658 1762 in
717 1695 1032 1783 synedrio
1097 1695 1242 1761 lata
1309 1703 1485 1762 sunt.
1579 1695 1719 1763 Sed
1786 1699 1968 1765 unde
2028 1699 2128 1763 illi
2172 1698 2668 1784 Ambraciotae,
2728 1700 2929 1766 Perr-

584 1802 803 1887 haebi,
863 1803 1245 1888 Zacynthii,
1315 1803 1739 1892 Cephallenii
1806 1807 1879 1870 in
1940 1806 2378 1893 inscriptione
2443 1807 2722 1872 nostra?
2787 1804 2929 1872 Cur

584 1930 724 1975 non
791 1932 833 1975 a
898 1909 1198 1976 Diodoro
1242 1917 1722 1995 memorantur,
1771 1934 1927 1978 eum
1965 1914 2177 1978 socios
2225 1919 2591 1997 enumeret,
2639 1935 2801 2003 eum·
2842 1936 2929 1978 ex

582 2016 910 2082 insulanis
1003 2023 1275 2082 tantum
1367 2018 1748 2085 Leucadios
1838 2019 2361 2085 commemoret?
2448 2019 2927 2086 Ambraciotae

582 2145 807 2210 neque
871 2125 1088 2209 magis
1157 2124 1229 2188 in
1296 2122 1600 2190 fontibus
1647 2131 2001 2212 tamquam
2048 2127 2208 2192 socii
2278 2132 2574 2191 aetatem
2622 2127 2930 2192 tulerunt

584 2252 806 2317 neque
875 2231 1059 2319 apud
1127 2231 1556 2316 Pausaniam,
1630 2254 1853 2318 neque
1914 2233 2097 2320 apud
2142 2232 2537 2316 Diodorum,
2582 2241 2650 2298 et
2693 2240 2927 2298 tamen

585 2337 746 2403 urbs
812 2336 945 2402 fuit
1004 2340 1166 2403 satis
1211 2340 1445 2424 magni
1490 2340 1841 2405 momenti.
1935 2339 2074 2405 Sed
2121 2341 2367 2405 omissa
2431 2346 2552 2424 est,
2601 2340 2928 2426 quoniam

586 2446 888 2510 societati
935 2446 1243 2531 injuncta
1287 2467 1426 2511 non
1472 2452 1639 2511 erat.
1687 2446 2170 2512 Ambraciotae
2207 2448 2389 2512 enim
2413 2468 2592 2512 anno
2615 2449 2746 2512 336
2770 2470 2929 2513 cum

585 2551 758 2616 aliae
804 2552 1004 2617 urbes
1052 2552 1379 2618 Graeciae
1423 2551 1768 2639 subjectae
1837 2559 2015 2637 sunt,
2064 2553 2150 2619 ab
2195 2552 2588 2619 Alexandro
2611 2554 2930 2620 libertate

586 2660 820 2726 donati
868 2665 1063 2726 erant
1108 2662 1198 2748 (p.
1246 2660 1332 2725 62
1373 2682 1529 2725 ann.
1583 2660 1653 2744 1)
1701 2660 2114 2727 democratia
2157 2659 2296 2726 illic
2333 2662 2480 2746 jam
2501 2661 2663 2727 inde
2687 2662 2773 2728 ab
2796 2660 2932 2728 hoc

538 2818 550 2828 .
583 2774 890 2855 tempore
937 2768 1245 2831 instituta
1288 2772 1433 2832 erat
1456 2766 1533 2854 4).
1630 2766 1803 2832 Cum
1873 2775 2099 2854 autem
2142 2789 2283 2833 non
2326 2774 2564 2856 pateat
2607 2769 2757 2834 illos
2802 2791 2932 2857 per

584 2873 961 2940 Alexandri
1028 2873 1405 2939 absentiam
1469 2874 1810 2961 praesidio
1879 2874 2315 2941 Macedonico
2360 2896 2713 2963 oppressos
2761 2898 2926 2960 esse,

583 3003 704 3047 eur
770 2981 1051 3046 tandem
1119 2983 1506 3076 societatem
1564 2982 1893 3065 iniissent,
1971 2981 2099 3047 sibi
2167 2981 2434 3046 nuJJum
2497 2985 2930 3049 commodum

585 3088 994 3153 allaturam?
1058 3086 1299 3173 Neque
1366 3089 1582 3174 magis
1647 3094 1843 3177 patet
1884 3087 2325 3154 Ambraciam
2370 3095 2526 3177 post
2570 3088 2930 3156 Lamicum

582 3195 839 3261 bellum
884 3196 957 3259 in
1001 3196 1396 3260 servitutem
1439 3196 1789 3260 redactam
1832 3216 1995 3278 esse,
2042 3196 2251 3261 immo
2288 3217 2428 3261 non
2466 3201 2625 3262 ante
2671 3219 2931 3262 annum

581 3303 725 3369 fere
770 3304 904 3368 314
949 3325 990 3367 a
1034 3300 1414 3368 Cassandro
1460 3301 1766 3388 subjecta
1814 3309 1915 3367 est
1935 3302 2008 3389 5).
2056 3302 2264 3368 Nullo
2310 3304 2514 3369 modo
2538 3304 2746 3390 igitur
2768 3304 2931 3369 licet

582 3431 974 3476 enumerare
1018 3409 1454 3476 Ambraciam
1500 3411 1681 3475 inter
1726 3411 1937 3475 socios
1972 3409 2149 3490 ⁰belli
2197 3410 2478 3475 Lamici.

583 3598 736 3668 quod
771 3615 1005 3668 semper,
1039 3598 1130 3653 vel
1163 3614 1308 3653 anno
1344 3597 1451 3652 338
1486 3599 1604 3668 ipse
1640 3597 1928 3667 Philippus
1964 3599 2019 3651 Π
2055 3615 2090 3652 a
2125 3599 2288 3653 sociis
2325 3598 2550 3654 Graecis
2586 3600 2643 3652 in
2662 3599 2928 3670 synedrio

583 3688 834 3743 Corinthi
887 3688 1154 3742 exercitui
1201 3704 1312 3754 quo
1352 3687 1760 3757 expeditionem
1796 3687 1853 3740 in
1888 3688 2075 3741 Asiam
2111 3689 2319 3742 faceret
2352 3689 2668 3757 praefectus
2706 3691 2790 3742 est
2828 3687 2923 3756 (cf.

584 3794 703 3847 cap.
743 3778 786 3830 1.
824 3795 874 3847 p.
913 3778 1021 3842 41).
1060 3777 1179 3846 Ego
1215 3777 1403 3845 potius
1443 3776 1772 3830 crediderim
1803 3777 2129 3830 societatem
2165 3777 2374 3832 factam
2395 3794 2514 3831 esse
2532 3780 2661 3846 post
2683 3794 2931 3847 pugnam

585 3866 735 3935 apud
792 3866 1132 3933 Heracleam,
1189 3868 1245 3919 et
1298 3869 1421 3919 tum
1477 3864 1704 3918 demum
1755 3865 2125 3918 Leosthenem
2183 3881 2218 3918 a
2271 3866 2434 3919 sociis
2488 3868 2685 3934 utpote
2746 3865 2928 3919 civem

584 3955 979 4009 Atheniensem
1019 3970 1271 4008 summae
1308 3954 1388 4007 rei
1422 3953 1769 4022 praefectum
1807 3970 1942 4021 esse,
1977 3952 2174 4008 eodem
2211 3953 2378 4008 modo
2399 3970 2511 4022 quo
2531 3958 2660 4022 post
2680 3957 2925 4008 mortem

582 4045 699 4108 ejus
733 4043 1046 4113 Antiphilus
1081 4059 1335 4097 summus
1371 4041 1489 4096 dux
1525 4045 1747 4096 creatus
1787 4045 1890 4095 est.

636 4132 684 4197 1)
721 4132 882 4186 Diod.
921 4132 1004 4186 18.
1047 4133 1131 4186 17.
1169 4133 1223 4185 6.

637 4222 684 4287 2)
723 4221 879 4276 Diod.
919 4221 1003 4276 18.
1043 4221 1127 4274 10.
1165 4221 1215 4275 5.

640 4310 688 4378 3)
726 4311 793 4365 cf.
839 4311 1081 4365 Dittenb.
1121 4310 1240 4364 159.

636 4398 687 4465 4)
727 4399 887 4453 Diod.
928 4400 1012 4453 17.
1049 4399 1100 4453 3.
1137 4399 1200 4465 33
1241 4399 1324 4453 17.
1362 4400 1412 4452 4.
1452 4399 1503 4452 3.
1542 4400 1613 4453 cf.
1658 4399 1921 4453 Schaefer
1957 4398 2114 4452 Dem.
2152 4400 2202 4452 3.
2241 4398 2323 4452 95.

636 4488 683 4556 5)
718 4490 902 4543 Kuhn.
942 4506 993 4558 p.
1031 4488 1118 4542 83.
