3338 5350
26 1574 45 1875 rorensem*
27 1382 30 1397 ,
27 1330 28 1333 „
27 1182 30 1279 W&
27 1018 28 1023 „
27 882 28 897 „„

1519 518 1634 581 121

402 715 580 779 vires
648 716 1007 779 universae
1072 712 1278 778 Asiae
1325 712 1705 800 Superioris
1772 734 1896 800 pro
1954 710 2228 797 regibus
2274 716 2343 774 et
2387 708 2742 796 Polysper-

404 822 648 886 chonte
695 827 933 886 contra
975 841 1131 884 eum
1175 820 1246 884 in
1292 841 1506 884 unum
1550 818 1700 905 conj
1710 819 1920 884 unxit.

491 927 864 1013 Postquam
933 947 1109 992 anno
1200 927 1332 991 316
1409 927 1479 990 in
1544 924 1663 991 illo
1733 925 2102 991 certamine
2192 923 2451 989 interiit
2516 922 2743 987 nullus

408 1034 694 1121 mplius
740 1034 996 1099 vindex
1041 1033 1309 1121 imperii
1352 1035 1423 1097 in
1469 1032 1636 1099 Asia
1676 1033 1922 1098 extitit.
2017 1032 2110 1097 Et
2154 1032 2394 1097 eodem
2437 1037 2744 1117 tempore

405 1139 913 1228 Polysperchon
978 1140 1271 1229 turpiter
1336 1139 1615 1226 fugatus
1662 1146 1784 1221 est,
1851 1159 1972 1204 rex
2017 1139 2329 1226 captivus
2374 1136 2597 1203 factus
2644 1142 2744 1201 est

410 1248 589 1335 apud
637 1247 1112 1331 Cassandrum,
1174 1247 1564 1332 Antigonus
1617 1247 1942 1312 Eumenis
1989 1245 2218 1312 officia
2265 1245 2352 1311 ad
2400 1267 2471 1309 se
2514 1243 2742 1327 traxit,

410 1355 634 1420 omnia
677 1354 955 1421 vincula
999 1376 1177 1440 quae
1222 1355 1444 1420 adhuc
1487 1355 1850 1443 imperium
1893 1354 1968 1417 in
2013 1374 2226 1417 unum
2249 1351 2744 1437 conjunxerunt

411 1460 755 1528 confracta
798 1469 975 1527 sunt.

493 1568 541 1635 J
542 1591 655 1633 am
713 1591 919 1656 supra
979 1568 1182 1634 variis
1226 1568 1390 1633 locis
1451 1572 1636 1657 (pag.
1688 1569 1792 1633 77.
1841 1568 1948 1633 90.
1997 1569 2104 1633 93.
2152 1568 2285 1647 95.)
2333 1566 2745 1632 attendimus

414 1675 497 1739 ad
561 1681 790 1763 partes
861 1697 1146 1761 magnas
1203 1697 1243 1740 a
1303 1675 1635 1740 thesauris
1684 1681 1868 1739 actas
1912 1676 1983 1738 in
2024 1673 2303 1761 imperio
2350 1672 2743 1756 Alexandri,

414 1782 744 1866 quomodo
790 1781 890 1846 illi
933 1782 1067 1869 ipsi
1134 1783 1432 1847 thesauri
1500 1782 1752 1847 indicio
1819 1780 2077 1846 fuerint
2119 1787 2346 1846 utrum
2392 1781 2746 1867 provincia

414 1888 636 1974 aliqua
683 1890 770 1954 ad
816 1889 1177 1977 imperium
1244 1889 1650 1976 pertinuerit
1721 1912 1809 1954 an
1854 1910 2012 1954 non.
2106 1887 2221 1953 Sic
2258 1887 2405 1972 jam
2450 1887 2744 1952 vidimus

412 1994 588 2082 (pag.
637 1997 748 2078 95)
796 1996 1194 2084 Aegyptum
1259 1998 1422 2061 inde
1484 1997 1571 2062 ab
1636 2018 1815 2062 anno
1860 1997 1991 2061 323
2039 2002 2391 2081 tamquam
2438 2018 2479 2059 a
2523 1995 2745 2061 Mace-

411 2102 609 2168 donia
679 2103 1090 2189 disjunctam
1177 2103 1564 2170 habendam
1632 2126 1811 2187 esse3
1891 2104 1986 2168 sic
2051 2103 2513 2188 Lysimachus,
2591 2123 2748 2166 cum

409 2210 773 2298 Antipatro
819 2211 891 2275 in
935 2210 1075 2276 hac‘
1108 2232 1181 2276 re
1222 2232 1478 2277 morem
1521 2233 1756 2297 gerere
1795 2232 1933 2276 non
1958 2209 2239 2293 destitit,
2284 2217 2439 2297 post
2462 2215 2748 2274 mortem

409 2316 570 2402 ejus,
620 2338 775 2382 cum
818 2316 1466 2404 Polysperchontem
1513 2339 1650 2383 non
1700 2322 2095 2403 agnosceret
2138 2323 2215 2381 ut
2244 2323 2748 2404 procuratorem

408 2424 694 2511 imperii,
786 2423 1094 2511 profecto
1185 2446 1423 2511 passus
1514 2446 1654 2489 non
1746 2429 1848 2488 est
1934 2423 2118 2488 hunc
2207 2423 2503 2488 rationes
2595 2445 2748 2488 suas

408 2551 831 2616 cognoscere.

497 2637 821 2704 Thesauri
865 2638 1072 2704 Asiae
1122 2636 1503 2727 Superioris
1564 2637 2041 2705 verosimiliter
2101 2659 2313 2730 usque
2360 2637 2447 2702 ad
2495 2658 2750 2702 annum

408 2746 539 2809 316
610 2745 926 2832 auspiciis
1009 2746 1458 2811 Macedonicis
1539 2745 1998 2811 administrati
2069 2752 2245 2827 sunt,
2339 2766 2753 2830 quamquam

407 2873 531 2939 per
576 2873 787 2917 annos
845 2853 978 2917 317
1026 2860 1094 2917 et
1139 2853 1270 2918 316
1338 2854 1410 2918 id
1457 2854 1633 2938 quod
1684 2859 2053 2941 supererat,
2102 2855 2246 2917 sine
2293 2851 2499 2917 dubio
2547 2850 2750 2916 devo·

406 2965 631 3023 ratum
676 2966 780 3024 est
823 2959 1019 3025 bellis
1069 2983 1110 3025 a
1155 2961 1464 3048 satrapis,
1538 2962 1654 3047 qui
1704 2982 1857 3026 cum
1924 2961 2231 3025 Eumene
2277 2959 2551 3025 foedere
2597 2980 2754 3024 con·-

400 3065 620 3150 juncti
669 3074 882 3151 erant,
927 3067 1155 3153 gestis.

499 3169 636 3236 Sed
706 3178 1065 3260 postquam
1130 3174 1516 3260 Antigonus
1580 3175 1801 3240 victor
1862 3175 2080 3239 evasit
2127 3174 2428 3239 thesauri
2464 3172 2567 3237 illi
2612 3195 2750 3238 non

412 3277 703 3366 amplius
767 3280 854 3344 ad
916 3280 1278 3368 imperium
1346 3282 1860 3350 Macedonicum
1932 3283 2423 3368 pertinuerunt.
2493 3278 2752 3344 Unicus

407 3384 764 3450 thesaurus
833 3408 1100 3473 quoque
1167 3385 1371 3453 Asiae
1440 3389 1740 3471 Minoris,
1810 3389 1998 3453 cuius
2066 3388 2391 3453 memoria
2458 3392 2752 3451 aetatem

405 3490 588 3574 tulit,
635 3513 881 3580 nempe
928 3493 1253 3579 Cyindae,
1304 3515 1482 3560 anno
1527 3496 1658 3559 315
1707 3495 1990 3582 perinde
2027 3495 2099 3559 in
2138 3515 2380 3558 manus
2418 3492 2752 3578 Antigoni

406 3598 724 3684 pervenit
745 3598 815 3682 1),
885 3621 1040 3665 cum
1100 3602 1248 3685 jam
1293 3602 1455 3666 inde
1504 3601 1588 3666 ab
1639 3623 1817 3667 anno
1865 3602 1998 3665 318
2066 3602 2137 3665 in
2187 3600 2500 3687 satrapiis
2546 3600 2752 3664 Asiae

407 3704 690 3770 Minoris
759 3706 951 3771 nulla
1020 3706 1307 3794 amplius
1374 3708 1634 3773 tributa
1724 3708 1814 3773 ad
1881 3709 2230 3774 thesauros
2309 3706 2748 3772 solverentur.

408 3812 472 3875 Ε
519 3812 762 3896 quibus
810 3813 1120 3878 omnibus
1165 3821 1359 3901 patet
1384 3837 1635 3880 annum
1662 3814 1814 3897 316,
1842 3816 1896 3880 si
1923 3816 2198 3900 quidem
2220 3813 2381 3879 licet
2404 3814 2753 3879 thesauros

406 3918 539 3983 hac
583 3919 656 3983 in
699 3941 774 3985 re
816 3921 1009 3986 nobis
1057 3922 1259 3987 duces
1305 3929 1574 4009 praesto
1622 3943 1785 4005 esse,
1832 3928 2186 4008 tamquam
2235 3920 2443 3985 finem
2488 3921 2754 4007 imperii

408 4026 803 4110 ponendum
874 4049 1036 4110 esse,
1107 4050 1261 4093 cum
1322 4049 1428 4093 res
1495 4029 1907 4116 pecuniaria,
1979 4049 2245 4115 semper
2310 4027 2755 4114 praecipuum

410 4131 779 4216 vinculum,
827 4134 987 4198 inde
1026 4133 1112 4198 ab
1157 4134 1285 4199 hoc
1334 4156 1511 4200 anno
1557 4134 1749 4200 nullo
1808 4134 2098 4223 amplius
2144 4134 2346 4199 modo
2409 4134 2498 4201 ad
2542 4135 2753 4222 impe-

410 4239 587 4303 rium
629 4240 1019 4327 pertineret.

469 4470 515 4544 1)
552 4471 708 4526 Diod.
750 4471 834 4531 19,
872 4471 956 4526 56.
995 4472 1044 4529 5.
