3338 5350
1470 524 1558 589 29

341 724 548 786 etiam
593 722 758 788 locis
804 723 1064 787 idoneis
1111 723 1309 787 urbes
1351 722 1673 806 condidit,
1721 721 2229 810 Philippopolin
2269 723 2354 787 ad
2379 721 2686 789 Hebrum

337 829 598 895 flumen
621 832 671 912 1)
719 836 788 894 et
825 829 1189 915 Kabylem,
1228 835 1465 916 postea
1524 830 1923 917 praecipuas
1992 829 2192 894 urbes
2262 830 2587 895 Thraciae
2611 829 2680 912 2).

339 937 711 1022 Drongilus
774 937 1077 1019 Mastira,
1140 936 1315 1000 Bine
1385 942 1455 1000 et
1519 935 1737 1001 Beroe
1808 937 2014 1001 etiam
2080 936 2184 1001 his
2268 935 2684 1024 temporibus

342 1044 818 1109 attribuendae
907 1050 1066 1108 sunt
1092 1043 1163 1123 3).
1257 1042 1454 1107 Cives
1525 1035 1754 1108 autem
1834 1042 1939 1107 his
2030 1043 2307 1108 urbibus
2374 1043 2687 1131 praebuit

342 1151 764 1216 traducendo
835 1152 909 1214 in
977 1150 1339 1216 Thraciam
1405 1156 1643 1237 gentes
1734 1150 2195 1215 remotissimis
2261 1149 2424 1215 locis
2496 1151 2686 1216 s‘edes

341 1258 691 1341 habenteS,
738 1278 937 1323 omne
983 1279 1198 1342 genus
1239 1256 1715 1325 sceleratorum
1761 1255 2043 1344 pellexit
2084 1262 2165 1321 ut
2208 1257 2399 1322 sedes
2445 1257 2517 1320 in
2563 1255 2687 1322 has

340 1366 541 1430 urbes
588 1370 949 1457 mutarent,
991 1372 1070 1429 ut
1115 1387 1200 1430 ex
1243 1364 1628 1430 hominibus
1678 1366 1775 1430 ita
1819 1364 2170 1451 permixtis
2205 1385 2412 1428 unam
2433 1385 2687 1428 novam

341 1474 687 1537 nationem
734 1471 1060 1538 formaret
1107 1472 1176 1554 4).
1227 1471 1340 1537 Sic
1385 1468 1675 1558 legimus
1723 1472 1906 1558 apud
1953 1471 2375 1557 Polyaenum
2396 1472 2460 1535 4.
2485 1472 2547 1536 2.
2581 1471 2681 1537 12.

340 1579 740 1667 Philippum
807 1580 1040 1645 decem
1101 1579 1289 1644 milia
1358 1578 1833 1644 Sarnusiorum
1901 1579 1972 1641 in
2040 1577 2511 1643 Macedoniam
2547 1584 2685 1642 tra-

344 1687 635 1770 duxisse,
681 1687 920 1767 eodem
966 1687 1169 1752 modo
1195 1687 1567 1751 secundum
1587 1684 2034 1750 Plutarchum
2055 1683 2251 1749 Alex.
2278 1687 2341 1749 9.
2388 1683 2684 1749 Alexan-

342 1794 465 1859 der
533 1815 711 1859 anno
779 1794 909 1858 340
976 1793 1254 1859 Maedos
1324 1793 1594 1858 sedibus
1664 1794 1799 1858 suis
1864 1792 2150 1880 pepulit,
2212 1813 2413 1857 omne
2470 1814 2685 1878 genus

340 1901 695 1965 hominum
741 1902 812 1965 in
860 1922 1091 1966 eorum
1139 1901 1318 1986 agris
1367 1899 1745 1965 collocavit.

426 2007 543 2073 Ad
592 2007 975 2094 analogiam
1017 2007 1289 2073 urbium
1335 2013 1690 2094 captarum
1748 2008 1819 2070 in
1862 2006 2264 2072 Macedonia
2309 2029 2376 2071 v.
2417 2029 2473 2071 c.
2521 2005 2685 2071 Am-

339 2114 727 2203 phipolidis,
778 2116 1258 2202 suspicandum
1324 2121 1427 2179 est
1495 2115 1701 2179 etiam
1754 2136 1865 2179 eas
1911 2113 2226 2180 libertate
2272 2114 2570 2200 quadam
2612 2115 2685 2177 in

337 2223 540 2288 rebus
582 2222 861 2286 internis
904 2244 1061 2286 usas
1109 2243 1274 2304 esse,
1324 2243 1554 2286 earum
1589 2221 2046 2287 conditionem
2067 2221 2254 2287 haud
2278 2223 2373 2286 ita
2395 2220 2688 2285 mult-um

341 2330 784 2416 discrepuisse
852 2352 892 2393 a
937 2335 1119 2393 statu
1162 2328 1684 2416 Amphipolidis,
1731 2335 2210 2415 praeterquam
2258 2328 2437 2413 quod
2494 2328 2685 2391 initio

337 2435 725 2524 praefectus
790 2436 1134 2523 praesidii,
1197 2435 1268 2500 id
1339 2437 1521 2500 enim
1582 2437 1728 2500 sine
1797 2435 2004 2501 dubio
2074 2437 2146 2500 in
2216 2435 2490 2500 urbibus
2553 2434 2684 2498 inis

341 2522 598 2627 aderat,
651 2541 906 2628 majore
950 2547 1291 2630 potestate
1337 2542 1625 2607 donatus
1672 2547 1818 2607 erat
1841 2542 1914 2629 5).

431 2649 978 2716 Consentaneum
1048 2650 1227 2715 enim
1272 2655 1373 2716 est
1419 2648 1773 2734 conjicere,
1841 2670 2259 2736 quamquam
2303 2647 2492 2714 nullo
2537 2649 2686 2715 loco

342 2759 709 2844 quicquam
778 2758 864 2823 de
934 2757 1065 2822 hac
1111 2780 1186 2822 re
1229 2757 1522 2822 traditur
1567 2755 1719 2821 illas
1766 2758 1965 2822 urbes
1991 2779 2211 2844 nuper
2233 2756 2539 2822 conditas
2562 2777 2686 2844 pro

338 2864 796 2931 Macedonicis
841 2864 1196 2930 habendas
1244 2885 1407 2949 esse,
1459 2864 1635 2949 quod
1682 2886 1789 2929 res
1836 2866 1985 2951 ipsa
2029 2862 2199 2944 fert3
2251 2885 2481 2928 earum
2506 2867 2686 2928 cives

342 2972 631 3038 donatos
681 2994 823 3036 esse
860 2971 1015 3059 jure
1059 2974 1349 3037 civitatis
1396 2972 1855 3055 Macedonico,
1904 2993 2038 3057 quo
2059 2969 2255 3036 fieret
2276 2977 2355 3035 ut
2378 2972 2688 3036 omnibus

332 3079 602 3165 juribus
627 3078 765 3143 frui
787 3085 1063 3166 possent
1085 3078 1330 3165 quibus
1353 3079 1484 3166 ipsi
1508 3079 1914 3144 Macedones
1934 3102 1949 3162 ς
1975 3079 2432 3145 conditionem
2454 3100 2688 3143 earum

340 3188 526 3273 quod
554 3189 797 3252 attinet
843 3187 928 3252 ad
975 3208 1265 3272 regnum
1309 3185 1844 3269 Macedonicum,
1895 3185 1980 3250 ab
2028 3186 2213 3250 omni
2235 3192 2430 3272 parte
2452 3207 2687 3273 parem

339 3293 550 3359 fuisse
593 3295 840 3359 rationi
904 3314 1079 3380 quae
1124 3292 1595 3358 intercedebat
1653 3294 1832 3357 inter
1866 3314 2155 3380 regnum
2191 3293 2581 3358 Romanum
2620 3299 2690 3357 et

337 3402 709 3487 municipia
792 3402 1043 3467 civium
1126 3401 1593 3465 Romanorum
1665 3422 1707 3464 a
1777 3396 2176 3465 Caesaribus
2259 3406 2452 3464 extra
2517 3399 2687 3464 fines

338 3508 686 3572 Romanos
733 3507 1022 3574 condita.
1114 3508 1311 3572 Cives
1359 3507 1537 3572 enim
1576 3528 1810 3572 eorum
1856 3507 2372 3594 municipiorum
2411 3507 2688 3572 civitate

338 3614 655 3679 Romana
702 3614 955 3696 donati,
999 3615 1371 3680 secundum
1413 3614 1524 3700 jus
1562 3613 1881 3679 Italicum
1925 3614 2163 3678 iisdem
2204 3613 2470 3699 juribus
2509 3612 2686 3678 frue—

393 3863 441 3933 1)
481 3864 672 3934 Steph.
710 3865 840 3933 Byz.
879 3866 1249 3920 Φιλιππόπολις.
1285 3865 1479 3936 Polyb.
1516 3866 1601 3919 23.
1641 3864 1694 3918 8.
1731 3865 1781 3918 5.

393 3954 443 4019 2)
480 3954 767 4007 Demosth.
810 3953 929 4007 100.
966 3954 1051 4006 22.
1091 3954 1430 4023 Theopomp.
1468 3954 1533 4007 fr.
1572 3954 1692 4007 246.
1735 3954 1935 4008 Strabo
1975 3954 2095 4008 320.

392 4040 444 4110 3)
481 4042 549 4096 of.
586 4042 773 4107 natm,
810 4042 930 4096 313.
973 4027 1234 4096 Sohdefer
1273 4043 1322 4095 2.
1362 4042 1481 4096 448.
1520 4043 1704 4097 noim.
1745 4043 1795 4096 3.
1828 4061 1885 4112 p.
1923 4043 2029 4096 312
2068 4061 2191 4097 ann.
2231 4044 2279 4095 7.

394 4130 442 4198 4)
499 4132 684 4187 Justin
737 4131 791 4185 8.
826 4131 877 4184 6.
955 4132 1134 4200 „Alios
1187 4132 1426 4201 populos
1463 4133 1519 4185 in
1557 4132 1758 4186 finibus
1794 4132 1927 4201 ipsis
1961 4134 2216 4187 hostibus
2254 4133 2513 4202 opponit3
2552 4133 2689 4189 alios

346 4221 433 4290 „in
505 4221 769 4274 extremis
837 4220 1050 4284 statuit,
1122 4221 1394 4289 quosdam
1451 4222 1596 4276 bello
1656 4223 1851 4291 captos
1904 4222 1960 4275 in
2016 4222 2413 4292 supplementis
2468 4224 2691 4277 urbium

348 4309 587 4379 „dividit
643 4310 825 4377 Atque
878 4310 959 4363 ita
1013 4326 1082 4364 ex
1148 4310 1338 4364 multis
1415 4310 1688 4381 gentibus,
1743 4311 2172 4379 nationibusque
2225 4330 2402 4367 unum
2456 4330 2690 4382 regnum

349 4399 766 4468 „populumque
802 4399 1090 4453 constituit
1109 4398 1139 4424 '’

391 4487 438 4555 5)
477 4487 544 4541 cf.
585 4488 846 4543 Schaefer
882 4489 932 4542 3.
972 4488 1091 4541 103.
