3338 5350
1549 518 1637 582 87

411 735 672 823 positus
719 739 823 798 est
872 731 1278 817 Lysimacho
1323 737 1634 818 satrapae
1680 730 2024 815 Thraciae,
2093 734 2362 798 tametsi
2407 733 2563 799 huic
2606 756 2758 822 per-

411 842 594 906 misit
641 845 718 905 ut
762 838 847 904 ab
895 839 1077 904 omni
1122 845 1322 926 parte
1367 838 1684 904 libertate
1730 838 2070 904 frueretur
2094 838 2170 924 1).
2219 840 2535 905 Craterus
2560 840 2760 905 Anti-

413 954 611 1035 patro
660 946 1019 1031 adjunctus
1066 952 1230 1029 erat,
1276 947 1426 1033 pari
1472 951 1809 1034 potestate
1876 953 1953 1011 ut
1996 947 2289 1029 videtur,
2340 947 2760 1034 quandoqui-

417 1055 574 1119 dem
626 1077 652 1139 J
663 1075 773 1118 am
837 1053 1226 1119 Alexander
1292 1074 1449 1118 eum
1515 1052 1642 1118 hoc
1706 1075 1986 1118 munere
2031 1056 2299 1119 ornavit
2321 1053 2392 1138 ²),
2442 1054 2555 1118 sed
2606 1063 2760 1141 post

417 1162 791 1227 adventum
835 1160 979 1245 ejus
1023 1161 1095 1225 in
1144 1160 1631 1244 Macedoniam,
1683 1167 1926 1248 sponte
1969 1163 2265 1250 primum
2311 1161 2535 1228 locum
2560 1161 2760 1227 Anti-

416 1275 615 1356 patro
660 1268 859 1332 cessit
884 1265 955 1349 3).

507 1374 933 1461 Quamquam
971 1375 1266 1439 universi
1314 1373 1412 1439 illi
1452 1381 1743 1461 quatuor
1782 1376 2215 1461 magistratus
2239 1382 2495 1442 tutores
2519 1398 2759 1462 regum

418 1480 962 1570 appellabantur,
1010 1481 1307 1566 dignitas
1353 1480 1472 1545 illa
1519 1482 1702 1567 quod
1749 1483 1837 1547 ad
1884 1480 2239 1547 Craterum
2264 1484 2506 1547 attinet
2527 1482 2760 1570 paullo

418 1589 798 1654 distinctius
869 1594 1429 1653 commemoratur
1447 1587 1520 1671 4),
1592 1589 1774 1674 quod
1835 1589 1963 1655 hac
2022 1610 2096 1654 re
2141 1589 2536 1676 explicatur,
2579 1589 2760 1675 quod

416 1718 580 1761 cura
624 1693 955 1760 bonorum
1026 1701 1094 1759 et
1137 1697 1525 1781 patrimonii
1571 1697 1740 1780 regii
1799 1697 1860 1761 ei
1906 1697 2263 1762 commissa
2309 1703 2455 1760 erat
2474 1694 2545 1777 5).
2608 1697 2760 1760 Dis-

416 1803 755 1868 sensiones
803 1808 871 1866 et
917 1802 1157 1867 seditio
1199 1802 1510 1889 peditum
1531 1802 1710 1867 hanc
1733 1824 1876 1867 rem
1899 1809 2373 1887 mutaverunt3
2420 1803 2762 1889 Meleager

415 1910 754 1975 Leonnati
799 1908 947 1973 loco
994 1907 1379 1996 hyparchus
1429 1909 1865 1996 (hipparchus
1890 1908 1942 1992 P)
1983 1908 2353 1975 chiliarcho
2402 1909 2761 1995 adjunctus

418 2022 542 2081 est.
639 2015 825 2095 Quae
890 2037 996 2080 res
1066 2021 1296 2080 tamen
1364 2036 1615 2104 paucos
1700 2016 1843 2081 dies
1912 2017 2101 2080 stetit
2169 2023 2239 2080 et
2309 2015 2518 2081 finem
2582 2017 2761 2104 cepit

415 2129 634 2187 morte
678 2121 1024 2207 Meleagri.
1118 2120 1295 2186 Tum
1337 2143 1443 2187 res
1490 2121 1834 2188 stabiliore
1880 2124 2082 2188 modo
2127 2124 2536 2188 constitutae
2583 2129 2758 2188 sunt.

414 2227 775 2294 Perdiccas
844 2251 987 2294 sese
1057 2228 1500 2294 chiliarchatu
1547 2228 1904 2313 abdicavit,
1979 2239 2046 2293 et
2094 2229 2264 2294 nihil
2309 2231 2588 2296 retinuit
2631 2231 2763 2295 nisi

415 2334 696 2400 titulum
748 2335 1164 2422 ῃὲπιμελητὴς
1210 2334 1599 2417 αὐτοκράτωρ
1646 2344 1757 2410 τῆς
1803 2336 2193 2413 βασιλείας,”
2286 2337 2651 2425 Antipater
2696 2344 2764 2402 et

417 2441 833 2526 LeonnatuS,
884 2445 999 2529 qui
1049 2450 1352 2509 ceterum
1423 2466 1600 2510 anno
1648 2444 1780 2508 322
1851 2444 1992 2509 acie
2035 2465 2267 2509 caesus
2307 2450 2429 2527 est,
2478 2444 2764 2531 posthac

417 2570 558 2614 non
606 2548 895 2636 amplius
935 2552 1114 2615 inter
1155 2557 1411 2617 tutores
1456 2572 1698 2637 regum
1741 2553 2194 2617 nominantur.
2244 2549 2629 2627 ἧὲπιμέλεια
2653 2558 2762 2623 τῆς

418 2654 757 2735 βασιλείας
815 2679 1023 2744 penes
1084 2657 1252 2725 duos
1322 2658 1503 2725 viros
1569 2681 1814 2746 nempe
1859 2657 2251 2723 Perdiccam
2300 2663 2365 2722 et
2412 2655 2764 2723 Craterum

418 2765 697 2847 mansit3
762 2766 882 2830 sed
944 2765 1306 2832 Perdiccae
1374 2772 1728 2853 tamquam
1797 2766 2203 2831 autocratori
2225 2765 2275 2846 ⁴³³)
2341 2785 2603 2828 summa
2646 2785 2765 2851 po·

415 2877 627 2936 testas
673 2869 825 2954 fuit,
894 2870 1005 2935 hic
1052 2872 1350 2956 sigillum
1395 2872 1665 2960 imperii
1728 2873 2028 2955 retinuit,
2076 2878 2145 2936 et
2189 2892 2527 2936 summu-m
2578 2891 2763 2936 exer-

417 2981 591 3043 citus
660 2980 1038 3066 imperium.
1133 2979 1453 3045 Seleucus
1522 2987 1752 3046 autem
1820 2980 1879 3044 ei
1947 2978 2358 3066 hipparchus
2405 2975 2764 3063 adjunctus

471 3221 517 3289 1)
555 3222 621 3277 cf.
678 3239 788 3293 pag
859 3222 928 3276 86
984 3239 1109 3276 ann.
1165 3223 1214 3276 7.
1273 3222 1512 3292 Dexipp.
1548 3224 1613 3277 fr.
1658 3223 1706 3275 1.
1748 3225 1804 3276 et
1838 3223 1959 3276 Arr.
2000 3222 2031 3290 ξ
2068 3223 2116 3275 7.
2158 3222 2358 3278 Justin.
2400 3222 2488 3275 13.
2524 3223 2573 3276 4.
2617 3222 2667 3275 5.
2711 3225 2766 3276 et

423 3311 572 3365 Diod.
611 3310 693 3365 18.
732 3311 781 3364 3.
819 3311 868 3364 2.
910 3311 1200 3365 Thraciam
1237 3315 1534 3366 secernunt
1570 3328 1604 3365 a
1643 3311 1846 3365 finibus
1885 3310 2087 3378 quibus
2107 3311 2394 3379 Antipater
2413 3311 2766 3380 praepositus

418 3403 566 3468 erat;
602 3401 851 3469 profecto
896 3401 1000 3454 hac
1036 3400 1093 3453 in
1129 3417 1190 3453 re
1225 3399 1373 3454 facta
1413 3400 1588 3470 magis
1625 3418 1797 3469 quam
1833 3402 1926 3472 jus
1964 3403 2291 3468 sequuntur.
2343 3401 2584 3471 vestigia
2622 3401 2766 3455 enim

418 3507 562 3557 quae
600 3490 901 3544 ostendunt
937 3489 1292 3558 Antipatrum
1320 3490 1488 3543 etiam
1526 3489 1793 3546 Thraciae
1832 3492 1998 3546 rebus
2037 3491 2349 3545 interfuisse
2389 3508 2500 3545 non
2538 3507 2767 3561 prorsus

420 3580 641 3633 desunt.

469 3666 520 3730 2)
559 3666 783 3722 Curtius
822 3667 904 3720 10.
945 3667 993 3719 7.
1039 3666 1087 3721 9.
1130 3669 1196 3721 cf.
1236 3684 1361 3737 pag.
1400 3667 1485 3721 86.
1524 3683 1649 3722 ann.
1691 3669 1739 3721 7.

468 3755 516 3821 3)
545 3755 700 3810 Diod.
742 3756 824 3810 18.
866 3756 948 3809 16.
989 3756 1036 3809 5.
1079 3759 1169 3805 τοῦ
1205 3757 1432 3818 πρωτείου
1471 3755 1839 3820 παραχωρήσας
1876 3754 2097 3814 ἑκουσίως
2135 3756 2465 3820 Ἀντιπάτρῳ.

468 3844 518 3913 4)
554 3846 621 3899 cf.
671 3845 871 3900 Justin.
927 3845 1011 3898 13.
1060 3845 1112 3898 2.
1164 3846 1232 3899 14
1269 3849 1326 3901 et
1376 3863 1502 3918 pag.
1557 3847 1627 3900 85
1686 3863 1812 3900 ann.
1852 3847 1902 3900 3.
1944 3863 2075 3900 cum
2119 3845 2352 3915 Dexipp.
2394 3846 2459 3899 fr.
2501 3847 2547 3899 1.
2587 3845 2678 3903 τὴν
2715 3843 2768 3895 δὲ

414 3931 696 3995 κηδεμονίαν
749 3933 836 3983 καὶ
884 3932 971 3990 ὅση
1019 3935 1296 3995 προστασία
1347 3939 1437 3993 τῆς
1487 3936 1750 3997 βασιλείας
1789 3935 2022 3998 Κράτερος
2059 3932 2305 3997 ἐπετράπη
2340 3933 2367 3985 ὃ
2403 3933 2459 3992 δὴ
2496 3933 2766 3996 πρώτιστον

413 4025 565 4083 ‘Ul-‘³36
617 4020 760 4080 τέλος
816 4023 949 4083 παρὰ
1003 4019 1249 4072 Μακεδόσι
1307 4027 1362 4078 et
1413 4025 1534 4078 Arr.
1591 4025 1698 4089 §3-
1758 4024 1991 4087 Κράτερος
2047 4023 2332 4086 προστάτης
2367 4027 2459 4083 τῆς
2495 4022 2763 4088 Ἀρριδαίου

416 4111 700 4173 βασιλείας.

463 4200 516 4267 5)
551 4201 750 4256 Justin.
794 4203 875 4256 13.
924 4203 974 4256 4.
1013 4203 1063 4256 5.
1108 4203 1321 4274 „regiae
1356 4205 1626 4273 pecuniae
1664 4205 1918 4260 custodia
1955 4204 2184 4260 Cratero
2224 4204 2518 4260 traditur.”

465 4289 514 4359 6)
551 4290 707 4344 Diod.
765 4291 848 4345 18.
905 4292 955 4345 2.
1011 4292 1062 4344 4.
1119 4295 1176 4346 et
1228 4293 1349 4347 Arr-
1388 4292 1421 4361 ἓ
1472 4292 1507 4346 3
1544 4293 1651 4347 hoc
1690 4294 1974 4363 epitheton
2012 4294 2178 4347 titulo
2219 4294 2338 4363 ejus
2376 4310 2488 4347 non
2525 4292 2767 4361 addunt;

417 4380 572 4449 quod
625 4384 817 4435 autem
867 4382 917 4435 ei
957 4382 1263 4436 debebatur
1300 4385 1456 4452 patet
1493 4400 1563 4436 ex
1599 4383 1719 4436 Arr.
1758 4383 1790 4451 ἓ
1827 4383 1877 4450 3,
1917 4385 1973 4437 et
2014 4400 2082 4436 ex
2118 4383 2226 4437 hac
2262 4400 2322 4437 re
2359 4399 2581 4450 quoque
2618 4380 2771 4448 quod

415 4485 708 4525 successor
746 4471 866 4538 ejus
902 4470 1193 4540 Antipater
1230 4471 1338 4525 hoc
1376 4471 1540 4525 titulo
1586 4471 1873 4540 praeditus
1910 4475 2045 4527 erat.
