3338 5350
1537 508 1664 573 107

414 705 657 770 Etiam
698 727 803 769 res
850 705 1020 769 mari
1063 709 1294 789 gestae
1343 727 1383 769 a
1428 703 1912 769 Macedonibus
1978 724 2341 791 prosperae
2389 702 2665 768 fuerunt
2686 703 2757 786 ¹),

420 813 643 877 donec
730 812 1009 877 tandem
1098 818 1253 900 post
1340 833 1647 900 pugnam
1717 811 1900 899 apud
1989 808 2417 876 Crannonem
2507 810 2763 897 (mense

419 918 737 1005 Augusto
784 919 945 983 anni
988 918 1144 1001 322)
1191 917 1587 1006 Antiphilus
1659 924 1729 982 et
1787 917 2041 983 Menon
2105 917 2580 984 Thessalorum
2626 918 2764 983 dux

420 1025 819 1112 synedrium
909 1032 1286 1091 convocant
1376 1025 1464 1090 ad
1545 1023 2071 1090 consultandum
2158 1031 2389 1090 utrum
2465 1032 2764 1113 praestet

419 1154 710 1220 pergere
753 1131 1030 1215 bellare,
1080 1154 1167 1197 an
1214 1133 1300 1198 de
1343 1154 1513 1221 pace
1560 1136 1873 1196 tractare.
1943 1130 2164 1217 Major
2205 1153 2364 1219 pars
2407 1133 2478 1197 in
2522 1153 2763 1220 pacem

419 1239 816 1323 inclinabat,
882 1238 1094 1325 legati
1183 1241 1270 1305 ad
1359 1238 1803 1327 Antipatrum
1884 1240 2264 1322 mittuntur,
2336 1241 2452 1325 qui
2535 1246 2765 1305 tamen

418 1352 715 1412 tractare
761 1368 832 1411 se
877 1351 1086 1432 negat
1132 1368 1285 1411 cum
1331 1346 1649 1412 societate
1697 1367 1901 1430 quam
1961 1366 2100 1411 non
2146 1347 2448 1431 agnovit,
2512 1347 2767 1412 scilicet

420 1475 581 1518 cum
643 1453 907 1519 videret
973 1452 1204 1518 laxum
1271 1452 1622 1518 vinculum
1694 1474 1829 1538 quo
1897 1454 2056 1517 socii
2117 1450 2460 1538 conjuncti
2519 1459 2761 1536 essent,

423 1565 981 1648 exspectaretque
1047 1566 1126 1625 ut
1192 1559 1431 1626 foedus
1470 1581 1594 1648 per
1639 1581 1712 1625 se
1756 1561 1979 1647 ipsum
2016 1558 2219 1624 facile
2265 1559 2760 1625 dissolveretur.

422 1665 564 1732 Sed
636 1667 721 1731 ad
790 1672 1056 1755 tempus
1129 1666 1385 1732 bellum
1454 1668 1906 1749 continuatur,
1968 1665 2371 1732 Macedones
2439 1665 2764 1752 majorem

422 1773 812 1838 Thessaliae
871 1780 1140 1862 partem
1184 1775 1257 1838 in
1302 1795 1495 1838 suam
1538 1779 1947 1861 potestatem
2004 1773 2343 1859 redigunt,
2394 1774 2765 1860 eodemque

418 1885 730 1967 tempore
798 1902 951 1945 cum
1020 1880 1302 1966 singulis
1384 1881 1575 1947 sociis
1645 1880 1731 1945 de
1797 1902 1968 1968 pace
2048 1886 2341 1945 tractare
2411 1886 2760 1946 conantur.

419 1987 575 2052 Hoc
618 1988 818 2053 modo
888 1989 1168 2053 societas
1228 2009 1386 2054 mox
1444 2008 1718 2076 prorsus
1766 1986 2092 2053 dissoluta
2137 1992 2258 2071 est,
2307 1987 2431 2052 soli
2476 1987 2759 2053 Atheni-

421 2116 616 2159 enses
663 2101 732 2160 et
776 2094 1007 2161 Aetoli
1054 2096 1246 2161 sociis
1291 2096 1546 2184 privati
1583 2116 1729 2160 sese
1754 2099 1991 2159 contra
2013 2095 2279 2160 hostem
2302 2096 2764 2161 sustinuth

420 2203 518 2284 (a0
563 2202 739 2286 322).

514 2309 778 2397 Operae
842 2311 1137 2398 pretium
1198 2315 1298 2375 est
1353 2310 1767 2395 investigare
1813 2307 2220 2395 quibusnam
2266 2308 2763 2374 conditionibus

422 2416 707 2482 societas
754 2415 876 2481 illa
923 2439 963 2481 a
1011 2415 1286 2482 Graecis
1334 2417 1506 2481 inita
1555 2416 1661 2480 sit.
2352 2486 2357 2491 ,

511 2523 938 2611 Principatus
986 2525 1319 2589 societatis
1363 2545 1572 2611 penes
1610 2522 2061 2589 Athenienses
2085 2522 2217 2587 fuit
2237 2524 2324 2608 2);
2373 2524 2765 2608 synedrium

418 2653 563 2697 non
623 2633 694 2696 in
761 2632 910 2720 ipsa
979 2631 1148 2697 urbe
1222 2630 1341 2697 sed
1398 2631 1468 2696 in
1515 2631 1749 2697 castris
1794 2637 2065 2720 praesto
2111 2629 2244 2696 fuit
2265 2630 2335 2715 3),
2399 2629 2515 2696 ubi
2561 2630 2764 2696 duces

420 2741 754 2804 sociorum
800 2737 1128 2824 suffragia
1176 2737 1508 2822 ferebant,
1558 2761 1858 2803 summus
1906 2738 2046 2803 dux
2098 2745 2326 2803 autem
2371 2759 2483 2803 eos
2531 2759 2763 2803 consu—

419 2847 503 2911 lit
524 2843 592 2928 4).
641 2845 800 2911 Dux
842 2845 1365 2911 Atheniensium
1409 2847 1539 2911 hac
1585 2846 1919 2932 dignitate
1968 2851 2243 2910 ornatus
2289 2850 2453 2927 erat,
2500 2850 2766 2909 creatur

423 2959 655 3019 autem
698 2975 737 3017 a
784 2954 978 3019 sociis
1002 2954 1079 3039 5).

473 3223 524 3288 1)
562 3224 628 3277 cf.
669 3222 865 3293 DroyS.
913 3222 962 3275 2.
1004 3222 1050 3275 1.
1089 3222 1160 3275 66
1188 3239 1306 3289 sqq.

471 3314 519 3377 2)
558 3312 717 3367 Diod.
759 3312 842 3365 18.
886 3311 968 3365 10.
1008 3312 1171 3365 Paus.
1211 3311 1258 3364 1.
1299 3312 1387 3364 25.
1427 3312 1476 3364 4.
1518 3310 1760 3364 Dittenb.
1804 3310 1924 3363 161.
1969 3327 2047 3363 vs.
2092 3310 2177 3362 12.

474 3400 523 3469 3)
561 3401 619 3456 C.
656 3403 697 3455 I.
736 3403 796 3456 A.
837 3402 907 3455 ΙΙ.
957 3401 1076 3455 249.
1118 3401 1358 3455 Dittenb.
1405 3401 1522 3454 180.
1561 3397 1883 3466 Τιμοσθένης
1904 3436 1917 3448 ·
1940 3438 1951 3449 .
1976 3435 1988 3447 -
2011 3398 2279 3465 (πεμφθεὶς
2315 3397 2409 3448 ὑπὸ
2446 3402 2535 3455 τῆς
2574 3400 2760 3455 πόλεως

419 3488 661 3554 σ)ὗνεὸρος
695 3487 779 3540 ἐπὶ
816 3492 897 3559 τ(ὃ
937 3489 1313 3557 σ)τρα(τόπεὸον
1350 3473 1410 3538 ὀδ
1449 3490 1721 3546 Ἀθηναίων
1758 3488 1844 3538 καὶ
1889 3491 2008 3554 τῶν)
2049 3487 2351 3552 συμμάχων.

470 3579 518 3645 4)
557 3579 718 3634 Diod.
762 3580 844 3634 18.
887 3580 968 3634 17.
1006 3581 1055 3634 6.
1094 3584 1157 3646 τῇ
1196 3578 1248 3628 δὲ
1285 3578 1519 3645 ὑστεραίᾳ
1555 3577 1720 3629 Μένων
1757 3581 1846 3643 μὲν
1882 3577 1968 3628 καὶ
2003 3580 2289 3643 Ἀντίφιλος
2325 3582 2375 3630 οἵ
2399 3584 2494 3627 τῶν
2515 3577 2760 3636 Ἑλλήνων

418 3665 656 3732 ἧγέμονες
692 3668 1089 3732 συνεδρεύσαντες
1125 3666 1501 3732 ἐβουλεύσαντο.

471 3757 522 3811 5)
561 3758 709 3812 Paus
766 3760 813 3812 1.
872 3760 941 3813 25
1004 3760 1055 3813 4.
1110 3762 1202 3808 τοῦ
1237 3760 1423 3815 παντός
1461 3757 1630 3824 ἄρχειν
1668 3761 1815 3823 ᾕρητο
1851 3761 2115 3818 Ἀθηναῖος
2152 3759 2442 3818 Λεωσθένης
2477 3759 2666 3820 πόλεώς
2702 3777 2759 3809 τε

419 3844 669 3907 ἀξιώματι
724 3848 809 3897 καὶ
864 3846 1015 3905 αὐτὸς
1069 3845 1191 3898 εἶναι
1247 3847 1391 3897 δοκῶν
1429 3847 1654 3911 πολέμων
1692 3848 1928 3914 ἔμπειρος.
1966 3851 2169 3905 Facere
2207 3867 2320 3905 non
2365 3867 2593 3920 possum
2631 3850 2763 3917 quin

418 3938 528 3991 hoc
564 3936 687 3991 loco
728 3937 1046 3992 dissentiam
1083 3955 1117 3992 a
1154 3939 1217 3992 v⁰
1242 3938 1307 3991 d⁰
1350 3937 1619 4009 Droysen‚
1663 3941 1758 4007 qui
1796 3941 2046 4010 perhibet
2082 3941 2155 4004 (2.
2197 3938 2243 3992 1.
2282 3940 2353 3993 60
2389 3956 2511 3993 ann.
2535 3939 2762 4008 4)ipsos

419 4026 794 4091 Athenienses,
833 4044 946 4082 non
992 4027 1172 4082 socios
1212 4045 1495 4082 summum
1534 4028 1736 4083 ducem
1774 4030 2020 4100 elegisse,
2061 4028 2257 4083 eodem
2293 4028 2601 4083 Pausaniae
2637 4029 2761 4083 loco

418 4116 590 4169 nisus.
627 4116 768 4170 Huic
805 4117 1048 4186 opinioni
1084 4120 1275 4170 autem
1314 4117 1644 4172 contradicit
1696 4119 1970 4189 imprimis
2006 4119 2145 4173 haec
2181 4136 2290 4187 res,
2329 4117 2480 4185 quod
2515 4117 2763 4172 nondum

419 4205 557 4258 socii
610 4205 851 4273 fuerunt,
908 4222 1036 4259 cum
1089 4205 1428 4259 Leosthenes
1485 4222 1614 4260 cum
1652 4208 1901 4262 exercitu
1939 4208 1995 4261 in
2031 4208 2305 4262 Aetoliam
2343 4208 2626 4277 profectus
2664 4213 2762 4273 est,

417 4292 574 4347 nullo
612 4293 777 4347 modo
817 4294 985 4364 igitur
1031 4294 1193 4348 sociis
1232 4295 1457 4363 praefici
1493 4296 1692 4365 potuit.
1737 4296 1895 4361 Tum,
1936 4297 1981 4350 si
2009 4297 2347 4351 Leosthenes
2369 4313 2402 4350 a
2422 4296 2630 4350 civibus
2650 4296 2763 4349 suis

419 4382 701 4436 sociorum
759 4400 1012 4436 summus
1068 4383 1181 4436 dux
1239 4387 1459 4437 creatus
1498 4388 1656 4452 esset,
1696 4385 1851 4439 nulla
1888 4401 2058 4439 causa
2094 4386 2289 4439 fuisset
2325 4402 2425 4439 cur
2463 4383 2764 4438 Pausanias

421 4469 725 4524 addidisset
779 4470 916 4524 illud
972 4470 1159 4529 πόλεώς
1211 4490 1268 4522 τε
1316 4469 1579 4536 ἀξιώματι,
1628 4491 1859 4545 prorsus
1897 4475 2044 4528 enim
2081 4491 2247 4529 sensu
2282 4476 2519 4529 vacaret.
2560 4472 2764 4542 Tertio,
