3338 5350
1592 520 1719 582 183

489 713 712 777 minus
781 719 1065 800 apparet
1129 735 1359 799 regem
1425 736 1568 778 saee
1635 714 1973 779 miscuisse
2017 714 2218 779 rebus
2266 715 2547 779 internis
2596 717 2819 782 diver·

491 841 719 884 sarum
786 819 1185 902 civitatium,
1254 819 1445 904 cujus
1510 824 1608 885 rei
1675 821 1836 885 mihi
1906 824 2095 886 testis
2164 829 2265 886 aet
2335 823 2515 908 quod
2563 829 2823 887 statuas

488 933 935 1012 tyrannorum
1003 928 1205 1011 Argis
1272 927 1495 992 denuo
1565 927 1796 1010 erexit,
1861 950 2015 993 cum
2060 927 2383 1012 dejiceret
2426 951 2660 993 eorum
2704 931 2823 1015 qui

487 1033 1053 1098 Acrocorinthum
1118 1041 1463 1120 ceperunt,
1532 1033 1731 1098 Arati
1798 1041 2079 1121 excepta
2124 1030 2195 1114 ¹).
2302 1035 2542 1121 Neque
2596 1036 2823 1100 minus

489 1139 881 1225 negligendi
955 1145 1113 1205 sunt
1178 1140 1463 1205 honores
1530 1140 1775 1226 quibus
1838 1163 1959 1205 rex
2021 1140 2303 1205 aflectus
2349 1141 2457 1222 sit,
2519 1162 2711 1206 sacra
2753 1151 2824 1205 et

492 1268 805 1334 pompae,
851 1245 997 1310 ludi
1043 1247 1113 1310 in
1157 1245 1480 1311 honorem
1525 1247 1672 1332 ejus
1715 1247 2007 1311 instituti
2052 1248 2260 1311 etiam
2303 1247 2473 1311 haec
2518 1247 2823 1311 indicant

494 1375 653 1418 eum
713 1354 784 1417 in
828 1353 1029 1417 rebus
1078 1353 1413 1418 intestinis
1460 1374 1727 1439 quoque
1772 1354 1933 1417 satis
1979 1354 2380 1418 auctoritate
2430 1352 2725 1418 valuisse
2746 1353 2822 1438 ²),

579 1459 898 1525 Profecto
979 1460 1054 1523 in
1133 1459 1334 1524 rebus
1403 1459 1695 1524 externis
1769 1460 1857 1524 ad
1925 1481 2347 1525 communem
2433 1460 2822 1524 societatem

491 1566 993 1656 pertinentibus
1060 1589 1180 1631 rex
1244 1573 1482 1653 utpote
1525 1588 1799 1653 praeses
1844 1566 2146 1652 synedrii
2190 1588 2443 1651 magna
2485 1573 2825 1653 potestate

489 1674 842 1762 praeditus
923 1679 1089 1755 erat,
1175 1672 1344 1737 adeo
1426 1679 1502 1737 ut
1585 1694 1690 1737 res
1768 1679 2085 1737 externae
2160 1694 2477 1758 magnam
2557 1679 2825 1759 partem

493 1803 534 1845 a
602 1779 744 1845 solo
810 1802 973 1866 rege
1055 1780 1707 1861 administrarentur,
1790 1801 1915 1845 nec
1982 1787 2215 1844 tamen
2285 1781 2429 1844 sine
2494 1779 2824 1844 sociorum

495 1909 844 1952 consensu.

582 1993 987 2058 Plutarchus
1045 1992 1238 2057 Arat.
1288 1993 1376 2057 45
1423 1994 1603 2058 enim
1649 1992 1883 2058 scribit
1928 1994 2013 2058 de
2058 1993 2383 2058 Achaeis:
2432 1992 2823 2072 ἐψηφίσαντο

498 2100 564 2164 δὲ
612 2098 790 2180 ἄλλῳ
838 2102 926 2178 μὴ
972 2099 1233 2180 γράφειν
1280 2098 1540 2176 βασιλεῖ
1575 2100 1732 2176 μηδὲ
1781 2100 2132 2179 πρεσβεύειν
2180 2101 2324 2179 πρὸς
2363 2099 2555 2163 ἄλλον
2578 2098 2826 2169 ἄκοντος

497 2207 872 2284 Ἀντιγόνου.
958 2208 1211 2272 Tamen
1297 2213 1375 2271 ut
1456 2229 1661 2293 supra
1741 2206 2276 2272 demonstratum
2345 2214 2443 2271 est
2512 2206 2828 2292 synedrio

503 2335 772 2401 quoque
819 2314 1083 2400 aliquot
1121 2312 1279 2399 jura
1324 2334 1636 2378 concessa
1683 2320 1896 2378 erant.

584 2422 830 2508 Itaque
875 2421 1098 2486 dicere
1140 2420 1300 2484 licet
1366 2420 1822 2485 autonomiam
1884 2420 2168 2505 singulis
2214 2422 2408 2486 sociis
2446 2442 2828 2485 concessam

497 2550 662 2610 esse,
733 2534 1066 2615 quatenus
1149 2526 1317 2591 haec
1397 2548 1534 2591 non
1600 2533 1941 2614 pugnaret
2023 2549 2178 2593 cum
2246 2528 2831 2592 administratione

499 2656 801 2701 summae
847 2635 1072 2700 totius,

587 2742 738 2808 Hoc
804 2742 1120 2828 synedrio
1188 2747 1416 2806 autem
1483 2741 1871 2827 Antigonus
1916 2740 2148 2806 Doson
2190 2739 2479 2829 perfecit
2532 2742 2603 2806 id
2650 2743 2832 2828 quod

501 2851 880 2915 decessores
965 2848 1127 2935 ejm,
1197 2848 1528 2935 imprimis
1612 2848 1999 2934 Antigonus
2066 2848 2368 2913 Gonatas
2428 2871 2551 2936 per
2618 2856 2831 2914 totam

501 2957 717 3021 vitam
775 2955 1099 3042 perficere
1161 2955 1387 3020 conati
1431 2962 1658 3038 erant3
1698 2977 1985 3041 regnum
2031 2954 2834 3021 Graeco-Macedonicum

497 3069 576 3128 ut
621 3063 745 3127 sub
791 3061 1109 3148 Philippo
1178 3067 1245 3125 et
1315 3060 1706 3126 Alexandro
1772 3068 2082 3145 steterat,
2158 3062 2245 3126 ab
2297 3083 2376 3127 eo
2443 3064 2831 3127 restitutum

499 3175 618 3252 est,
691 3176 761 3233 et
827 3189 990 3232 sane
1069 3167 1543 3233 confirmatum
1610 3173 1784 3233 esset
1852 3168 1924 3232 ni
1994 3169 2358 3234 immatura
2425 3191 2605 3234 mors
2677 3191 2833 3233 eum

501 3275 1000 3363 absumpsisset.
1090 3275 1183 3339 Et
1227 3275 1490 3357 Graeci,
1537 3274 1654 3360 qui
1692 3273 1837 3359 jam
1882 3274 2045 3339 inde
2084 3297 2125 3339 a
2162 3276 2439 3341 Lamico
2485 3275 2665 3340 bello
2707 3296 2832 3362 pro

496 3383 812 3448 libertate
878 3388 1377 3470 pugnaverunt,
1467 3388 1615 3447 tota
1675 3380 1953 3445 historia
2029 3383 2212 3446 enim
2278 3383 2439 3447 inde
2510 3406 2551 3447 a
2618 3389 2833 3448 morte

500 3488 877 3555 Ale'xandri
946 3495 1213 3553 tantum
1280 3509 1420 3553 non
1487 3508 1622 3551 una
1683 3488 2003 3551 continua
2067 3488 2269 3552 series
2338 3496 2443 3553 est
2503 3489 2836 3554 bellorum

504 3604 785 3684 propter
826 3595 1209 3660 libertatem
1257 3602 1738 3681 susceptorum,
1785 3614 1940 3657 cum
1992 3595 2063 3657 in
2112 3615 2190 3658 eo
2237 3601 2460 3659 essent
2502 3601 2579 3659 ut
2623 3597 2837 3659 Arato

503 3705 674 3769 duce
720 3703 847 3768 hoc
891 3702 1169 3766 tandem
1216 3707 1729 3786 assequerentur
1772 3700 1952 3785 quod
1993 3701 2256 3765 tamdiu
2296 3702 2563 3786 assequi
2585 3699 2837 3766 frustra

500 3811 726 3876 conati
789 3816 1029 3891 essent,
1093 3809 1178 3873 ab
1238 3807 1355 3873 illo
1401 3809 1548 3895 ipso
1593 3806 1806 3872 Arato
1852 3806 2027 3871 hosti
2072 3808 2325 3894 proditi
2382 3815 2560 3890 suut,
2610 3807 2834 3893 injun-

496 3923 754 4003 guntur
820 3915 1123 3982 societati
1189 3916 1260 3979 in
1328 3936 1465 4000 qua
1528 3934 1761 3978 omnes
1819 3913 1978 3978 socii
2038 3934 2253 3997 aequo
2295 3913 2450 3999 jure
2496 3920 2827 3979 steterunt

497 4023 793 4110 quidem,
862 4023 981 4088 sed
1046 4021 1157 4087 cui
1219 4020 1602 4109 praefectus
1687 4025 1833 4085 erat
1897 4041 2037 4103 rex,
2117 4021 2245 4100 cui,
2317 4023 2631 4106 quamvis
2698 4022 2827 4087 hoc

558 4381 606 4450 1)
642 4381 788 4435 mut„
827 4380 977 4433 Atat.
1015 4378 1099 4432 45.

558 4470 608 4535 2>
644 4469 772 4524 ibid.
