3338 5350
1673 516 1767 580 44

564 712 893 797 Corinthi,
963 714 1036 778 in
1087 734 1238 778 arce
1284 712 1599 796 Cadmea,
1673 712 1978 799 Sicyone,
2045 712 2452 778 Ambraciae
2520 720 2590 778 et
2636 713 2788 778 aliis
2834 714 2908 777 in

562 821 845 887 urbibus
872 821 944 903 1).

651 927 939 993 Foederi
991 927 1338 1013 injunctae
1405 932 1563 991 sunt
1630 925 1971 1012 Cycladae
2015 925 2298 1010 insulae,
2345 927 2620 1011 Thasos,
2671 925 2906 994 Samo-

565 1035 795 1100 thrace
842 1041 910 1099 et
955 1034 1281 1117 Tenedos,
1328 1032 1802 1099 verosimiliter
1849 1033 2051 1098 etiam
2100 1033 2371 1117 LestS,
2397 1033 2816 1120 Byzantium
2841 1041 2910 1100 et

563 1141 924 1207 Perinthus
949 1162 1091 1205 sese
1108 1140 1429 1228 Philippo
1455 1140 1972 1227 applicaverunt
2000 1141 2072 1222 2).
2096 1140 2351 1218 Quibus
2370 1141 2727 1206 addendae
2751 1146 2909 1206 sunt

565 1271 798 1315 omnes
843 1254 1079 1333 gentes
1127 1246 1428 1313 Graecae
1472 1247 1654 1311 intra
1709 1246 2215 1334 Thermopylae,
2266 1246 2621 1335 Spartanis
2669 1269 2908 1336 excep·

562 1358 650 1422 tis
677 1355 744 1439 3).
836 1356 993 1421 Non
1057 1376 1224 1441 opus
1270 1361 1371 1419 est
1438 1353 1660 1418 dicere
1721 1353 1939 1437 urbes,
2003 1354 2076 1418 in
2129 1354 2261 1419 oris
2326 1354 2669 1420 Thracicis
2722 1355 2906 1438 sitaS,

563 1464 885 1551 Philippo
930 1460 1287 1547 subjectaS,
1325 1483 1546 1547 neque
1591 1460 1808 1546 magis
1857 1460 2275 1526 Thessaliam
2318 1462 2521 1548 hujus
2567 1463 2909 1529 societatis

564 1570 928 1659 participes
975 1591 1112 1635 non
1158 1567 1367 1634 fuisse
1392 1567 1464 1650 4).

651 1679 758 1743 Ex
805 1676 1369 1765 praecedentibus
1414 1681 1607 1763 patet
1651 1695 1792 1739 non
1830 1675 2198 1740 admodum
2236 1675 2454 1741 multa
2478 1676 2564 1741 de
2588 1676 2911 1742 societate

562 1784 684 1849 illa
730 1791 1026 1850 aetatem
1071 1782 1326 1865 tulisse,
1373 1788 1607 1846 tamen
1655 1802 1735 1846 ea
1782 1803 1955 1867 quae
1999 1789 2163 1847 nota
2219 1789 2377 1848 sunt
2422 1781 2771 1848 sufficiunt
2820 1784 2909 1849 ad

564 1892 740 1957 hanc
785 1914 929 1956 rem
968 1889 1588 1972 demonstrandam,
1638 1888 1822 1974 quod
1868 1889 2149 1954 societas
2174 1896 2405 1955 nostra
2426 1891 2667 1956 eodem
2706 1891 2911 1957 modo

565 2020 699 2087 quo
747 2000 1028 2065 societas
1097 1996 1620 2062 Atheniensium
1693 1996 1854 2060 anni
1902 1997 2033 2063 378
2100 1996 2448 2061 nitebatur
2516 1998 2910 2064 autonomia

563 2106 914 2189 sociorum,
961 2110 1295 2191 quatenus
1333 2103 1611 2167 libertas
1649 2102 1771 2167 illa
1814 2101 2015 2167 rebus
2052 2103 2389 2169 societatis
2415 2106 2909 2172 accommodari

563 2219 806 2301 potest.
897 2212 1079 2277 Nam
1120 2217 1599 2298 praeterquam
1645 2209 1828 2296 quod
1876 2210 2083 2274 variis
2128 2209 2292 2275 locis
2365 2211 2546 2299 apud
2593 2213 2908 2299 antiquos

564 2320 920 2407 scriptores
960 2319 1221 2384 dictum
1245 2324 1346 2382 est
1391 2316 1685 2383 Graecos
1708 2316 2096 2381 libertatem
2118 2340 2309 2382 suam
2343 2340 2481 2384 non
2507 2319 2810 2385 amisisse
2838 2321 2908 2403 5),

564 2427 841 2513 insuper
879 2427 1046 2491 haec
1093 2449 1198 2491 res
1246 2430 1535 2512 apparet
1579 2446 1615 2489 e
1638 2424 1841 2489 rebus
1867 2447 1908 2489 a
1932 2424 2247 2510 synedrio
2271 2426 2500 2510 gestis.
2548 2425 2909 2514 Philippus

568 2532 749 2598 enim
812 2556 852 2597 a
903 2533 1096 2598 sociis
1131 2532 1302 2598 ‘dux
1356 2537 1621 2596 creatus
1669 2537 1772 2595 est
1813 2530 1899 2596 ad
1948 2529 2205 2596 bellum
2251 2531 2628 2616 gerendum
2676 2540 2910 2598 contra

565 2640 824 2725 PersaS,
872 2640 1004 2728 ipsi
1055 2639 1217 2705 socii
1261 2637 1518 2704 bellum
1586 2638 2051 2722 decreverunt,
2120 2638 2377 2706 indicto
2434 2646 2663 2706 autem
2710 2639 2907 2724 bello,

566 2749 724 2813 duci
793 2747 1189 2813 oboedirent
1249 2768 1522 2811 necesse
1567 2744 1721 2810 fuit.
1816 2744 1952 2811 Sed
2023 2746 2080 2810 si
2148 2746 2362 2812 socius
2426 2748 2597 2833 quiS,
2645 2748 2911 2813 etiamsi

564 2856 697 2943 ipsi
764 2855 1169 2920 Macedones
1229 2853 1414 2938 leges
1505 2853 1845 2918 societatis
1937 2852 2344 2939 migrabant,
2436 2861 2583 2919 tum
2667 2854 2910 2940 reliqui

567 2963 852 3027 aderant
919 2968 996 3026 ut
1062 2961 1176 3027 vel
1243 2961 1468 3047 ipsum
1535 2981 1769 3045 regem
1836 2959 1909 3023 in
1978 2960 2286 3025 ordinem
2351 2968 2690 3047 cogerent.
2799 2963 2910 3030 Sic

564 3068 1055 3135 Demosthenes
1147 3068 1298 3131 217.
1350 3066 1436 3131 14
1515 3072 1998 3131 commemorat
2085 3066 2537 3133 Athenienses
2628 3068 2910 3136 classem

564 3183 839 3241 centum
884 3175 1166 3240 navium
1235 3193 1525 3256 ornasse,
1587 3173 1698 3237 cui
1762 3172 2230 3238 Menestheum
2291 3172 2788 3261 praefecerunt,
2837 3185 2912 3242 ut

566 3282 1025 3371 propellerent
1092 3280 1364 3346 Tenedo
1434 3279 1864 3363 MacedoneS,
1930 3278 2051 3344 ubi
2110 3280 2392 3346 classem
2437 3304 2631 3347 suam
2676 3290 2913 3349 cont-ra

564 3390 806 3456 foedus
859 3388 1338 3454 subduxerant.
1387 3386 1749 3453 Praeterea
1794 3386 1966 3451 nihil
2015 3387 2101 3451 ad
2125 3387 2340 3473 gen'us
2363 3387 2657 3454 foederis
2680 3389 2907 3473 refert,

567 3497 750 3583 quod
794 3494 1051 3560 multae
1097 3494 1298 3559 urbes
1343 3493 1416 3557 vi
1462 3514 1802 3558 armorum
1826 3494 2132 3558 societati
2156 3494 2518 3580 adjunctae
2542 3503 2720 3580 sunt,
2749 3519 2909 3562 nam

566 3625 782 3690 aequo
830 3602 1030 3667 modo
1079 3610 1221 3666 tam
1267 3599 1468 3665 urbes
1535 3605 1776 3688 captae
1826 3622 2033 3686 quam
2079 3600 2278 3666 urbes
2325 3601 2601 3686 liberae,
2671 3611 2911 3691 sponte

566 3734 710 3778 sese
770 3709 1076 3776 societati
1157 3707 1360 3773 alicui
1443 3706 1787 3794 applicare
1875 3729 1915 3772 a
1983 3706 2258 3773 Graecis
2326 3708 2909 3776 existimabantur.

566 3817 715 3896 Qua
786 3818 872 3882 de
932 3838 1004 3882 re
1073 3815 1246 3881 dixit
1314 3836 1376 3879 v.
1446 3814 1508 3877 d.
1575 3812 1817 3878 Busolt
1886 3814 1960 3877 in
2025 3813 2198 3879 libro
2255 3814 2535 3881 laudato
2602 3838 2667 3903 p.
2737 3817 2906 3881 657:

617 4022 668 4088 1)
710 4023 911 4078 Strabo
966 4021 1087 4075 428.
1127 4021 1274 4074 Plut.
1312 4020 1461 4073 Arat.
1501 4019 1587 4072 33.
1629 4018 1789 4072 Diod.
1833 4019 1918 4071 17.
1957 4017 2006 4069 3.
2046 4019 2096 4072 3.
2138 4021 2194 4072 et
2229 4020 2278 4071 4.
2318 4020 2368 4073 3.
2414 4019 2573 4075 Diod.
2612 4020 2695 4074 18.
2737 4021 2821 4075 10.
2861 4022 2908 4074 2.

566 4112 806 4168 Dittenb.
848 4112 967 4165 163.
1004 4129 1053 4166 v.
1095 4111 1176 4164 12.
1220 4113 1276 4164 et
1315 4109 1398 4162 16.
1439 4110 1505 4162 cf.
1547 4107 1814 4162 Schaefer
1849 4107 1899 4161 3.
1937 4107 2021 4161 52.
2061 4125 2184 4161 ann.
2228 4109 2278 4161 4.

619 4202 668 4269 2)
708 4202 871 4256 Niese
910 4202 955 4253 1.
996 4200 1079 4254 39.

618 4291 667 4362 3)
704 4292 901 4347 Justin.
941 4291 989 4345 9.
1028 4291 1078 4344 5.
1117 4290 1167 4344 3.
1206 4289 1411 4344 Aelian.
1451 4289 1508 4343 V.
1550 4289 1613 4342 Η.
1650 4288 1701 4341 6.
1741 4289 1786 4341 1.
1830 4286 2042 4341 Arrian.
2081 4288 2129 4340 1.
2171 4288 2219 4340 1.
2258 4287 2307 4340 2.

620 4379 669 4446 ⁴)
709 4381 871 4435 Niese
909 4382 955 4434 1.
996 4379 1084 4433 38.

617 4470 666 4541 5)
704 4471 987 4525 Demosth.
1030 4469 1149 4523 213.
1189 4469 1274 4522 24.
1312 4467 1505 4538 Polyb.
1543 4468 1595 4521 9.
1633 4467 1720 4521 33.
1759 4468 1810 4521 6.
1850 4465 2032 4521 Schol.
2071 4464 2158 4519 ad.
2200 4464 2486 4520 Demosth.
2526 4465 2646 4521 255.
2688 4466 2772 4524 12.
