3338 5350
1619 508 1701 571 '71

489 702 903 784 autonomia,
996 701 1130 794 suis
1222 700 1506 786 legibue,
1599 707 1669 766 et
1760 723 1881 766 sua
1952 702 2421 786 jurisdictione
2483 701 2733 768 fruitur
2755 703 2827 787 ¹).

579 809 670 872 Et
740 807 850 872 hic
919 814 1132 872 status
1204 813 1280 871 ut
1331 807 1415 872 ab
1465 807 1856 872 Alexandro
1903 807 2252 873 institutus
2301 814 2403 873 est
2446 830 2570 895 per
2610 815 2829 876 totam

486 916 709 981 vitam
755 915 899 1000 ejus
949 914 1223 980 duravit
1244 914 1315 999 2).

581 1021 775 1100 Quod
838 1021 1245 1102 Alexander,
1315 1044 1471 1087 cum
1541 1021 1843 1087 diversas
1890 1029 2116 1109 partes
2157 1022 2426 1110 imperii
2471 1025 2828 1089 Persarum

489 1130 621 1194 sibi
690 1128 1067 1214 subjiceret,
1140 1129 1456 1217 deinceps
1517 1129 1800 1217 praedia
1860 1136 1927 1193 et
1974 1129 2150 1193 bona
2193 1130 2383 1216 regia
2427 1131 2500 1195 in
2547 1130 2829 1216 singulis

485 1236 854 1324 provinciis
901 1236 1031 1301 sita
1077 1236 1205 1301 sibi
1250 1237 1608 1324 occupavit
1644 1242 1713 1300 et
1746 1237 2160 1324 possessione
2182 1238 2480 1320 retinuit,
2530 1238 2830 1323 sequitur

487 1366 573 1409 ex
620 1344 748 1407 hac
792 1364 863 1407 re
911 1343 1090 1428 quod
1136 1343 1208 1406 in
1257 1342 1448 1409 Darii
1492 1342 1716 1407 locum
1758 1342 2091 1407 successit.
2186 1340 2685 1431 Suspicandum
2726 1350 2827 1408 est

482 1449 770 1538 praedia
817 1449 937 1513 illa
982 1471 1230 1535 magno
1277 1471 1557 1514 numero
1611 1456 1681 1513 et
1728 1449 1994 1514 diverso
2017 1470 2264 1533 genere
2304 1456 2573 1537 praesto
2597 1450 2827 1533 fuisse,

485 1558 774 1625 dubium
811 1578 947 1621 non
995 1562 1096 1621 est
1132 1556 1297 1643 quin
1344 1556 1523 1620 bona
1569 1556 1761 1641 regia
1807 1578 1860 1619 e.
1886 1577 1952 1640 g.
1995 1556 2068 1619 in
2116 1557 2434 1643 Aegypto
2475 1554 2619 1640 jam
2667 1563 2825 1622 ante

483 1666 912 1732 Ptolemaeos
962 1664 1191 1748 magni
1238 1664 1436 1750 pretii
1493 1669 1562 1727 et
1608 1662 1748 1728 lato
1799 1662 2056 1728 ambitu
2104 1662 2380 1744 fuerint,
2430 1669 2500 1728 et
2543 1663 2707 1728 item
2754 1666 2828 1730 in

484 1772 799 1839 omnibus
847 1770 1228 1858 provinciis.
1322 1769 1466 1835 Nec
1510 1775 1742 1834 tamen
1790 1791 2014 1833 rerum
2061 1771 2414 1856 scriptores
2463 1772 2827 1856 quicquam

482 1881 573 1945 de
619 1879 747 1943 hac
792 1900 865 1942 re
912 1876 1354 1941 tradiderunt.
1406 1875 1562 1942 Una
1606 1881 1876 1940 tantum
1921 1897 2026 1940 res
2065 1878 2409 1964 pertinens
2436 1879 2521 1943 ad
2546 1878 2827 1964 praedia

481 1988 632 2051 sive
700 2006 951 2073 pascua
1019 1983 1220 2047 Asiae
1289 1982 1588 2064 MinoriS,
1638 1982 1816 2047 forte
1873 1982 2152 2048 fortuna
2211 1984 2617 2049 nominatur.
2665 1984 2823 2050 Plu-

479 2092 757 2157 tarchus
852 2091 1032 2156 enim
1120 2091 1206 2154 ad
1294 2112 1549 2155 annum
1618 2091 1746 2155 321
1818 2097 2298 2155 commemorat
2366 2090 2449 2154 τὰ
2517 2090 2822 2168 βασιλικὰ

484 2196 879 2277 ἱπποφόρβια
929 2196 1061 2276 περὶ
1111 2195 1217 2268 τὴν
1265 2195 1428 2269 Ἴδην
1476 2195 1799 2273 νεμόμενα,
1849 2197 2102 2282 equitia
2147 2197 2335 2282 regia
2380 2198 2510 2262 sita
2553 2199 2626 2262 in
2671 2219 2822 2286 pro-

481 2306 714 2371 vincia
758 2303 1061 2389 Phrygia
1105 2302 1368 2368 Minore
1391 2302 1462 2384 3),
1511 2308 1581 2367 et
1626 2325 1710 2368 ex
1754 2303 1835 2367 iis
1884 2325 2057 2389 quae
2105 2304 2271 2369 dicit
2308 2310 2500 2391 patet
2523 2304 2640 2369 illa
2663 2312 2825 2369 tunc

481 2411 807 2498 temporis
867 2431 1104 2495 regum
1169 2409 1605 2476 Macedoniae
1673 2409 1881 2476 fuisse
1945 2432 2158 2496 eaque
2194 2419 2380 2476 recta
2425 2412 2540 2477 via
2584 2433 2824 2496 regum

478 2519 757 2584 nomine
822 2517 1274 2603 administrari
1345 2516 1429 2581 ab
1502 2538 1731 2582 eorum
1795 2519 2078 2597 vicariiS,
2171 2540 2211 2581 a
2278 2519 2824 2605 procuratoribus

479 2625 707 2712 regiiS,
758 2624 927 2689 adeo
975 2631 1051 2689 ut
1095 2624 1436 2709 equitiarii
1483 2631 1550 2689 et
1598 2645 1942 2711 agasoneS,
1991 2625 2106 2711 qui
2152 2624 2291 2690 illic
2325 2624 2623 2709 fuerunt,
2648 2627 2826 2720 inter

479 2732 704 2819 regios
774 2731 1111 2797 ministros
1181 2739 1660 2797 enumerentur
1726 2753 1995 2796 necesse
2043 2734 2148 2816 sit,
2217 2754 2371 2797 cum
2441 2732 2524 2797 ab
2611 2732 2825 2797 altera

416 2847 420 2851 ’
477 2845 678 2927 parte
733 2839 1027 2906 rationes
1078 2838 1647 2925 dispungerentur
1714 2862 1754 2903 a
1798 2840 2324 2926 magistratibuS,
2374 2839 2618 2925 quibus
2663 2860 2825 2904 cura

480 2946 724 3011 aerarii
770 2947 1034 3033 imperii
1095 2948 1522 3010 commissum
1593 2952 1757 3010 erat.
1821 2946 2040 3012 Multa
2107 2946 2241 3010 alia
2308 2967 2393 3010 ex
2460 2947 2540 3011 iis
2608 2945 2823 3029 boniS‚

480 3058 629 3121 sive
695 3053 987 3140 praediis
1055 3053 1277 3138 regiis,
1343 3074 1518 3138 quae
1588 3053 1827 3118 eodem
1864 3052 2019 3138 jure
2079 3052 2239 3117 licet
2282 3053 2630 3118 nominare
2675 3052 2825 3118 loca

399 3208 404 3214 ·
478 3160 758 3242 fiscalia,
828 3182 1102 3247 pascua,
1172 3161 1314 3224 sive
1385 3159 1658 3246 publica
1723 3160 1932 3245 regia,
2001 3160 2144 3224 sive
2205 3159 2482 3242 fiscalia,
2529 3161 2687 3225 inde
2735 3160 2821 3224 ab

476 3268 854 3335 Alexandri
900 3266 1315 3354 temporibus
1364 3268 1677 3354 auspiciis
1727 3268 2073 3333 nomarchi
2122 3267 2266 3352 ejus
2316 3268 2707 3354 provinciae
2752 3269 2825 3331 in

479 3397 619 3462 qua
664 3374 792 3439 sita
838 3379 1052 3457 erant,
1092 3373 1476 3439 locarentur
1515 3396 1787 3439 necesse
1828 3381 1991 3456 erat,
2044 3375 2212 3440 adeo
2236 3381 2312 3439 ut
2338 3395 2567 3439 eorum
2591 3373 2822 3460 fruges

474 3480 918 3567 vectigalium
965 3482 1237 3547 nomine
1282 3480 1445 3547 fisco
1489 3483 1675 3567 regio
1715 3482 2316 3546 contribuerentur.

569 3588 757 3653 Inter
823 3587 1004 3654 bona
1072 3605 1311 3674 regum
1378 3587 1760 3669 Persarum,
1831 3609 2006 3673 quae
2078 3586 2469 3652 Alexander
2539 3587 2822 3653 diversis

475 3697 641 3761 locis
687 3697 967 3775 invenit,
1018 3698 1224 3762 etiam
1249 3696 1548 3761 thesauri
1572 3695 1966 3761 nominandi
1995 3701 2171 3759 sunt.
2220 3695 2556 3760 Possessio
2582 3696 2822 3761 horum

478 3804 784 3869 omnium
839 3803 973 3868 fuit
1020 3802 1278 3890 publici
1316 3802 1486 3887 juris
1592 3803 1816 3887 Reges
1863 3824 1943 3866 ea
1987 3824 2126 3867 non
2171 3802 2605 3890 possidebant
2650 3808 2821 3868 tam-

529 4007 579 4073 1)
619 4009 815 4064 Strabo
854 4010 974 4063 593.
1016 4008 1331 4072 Ἀλέξανδρον
1368 4009 1419 4059 δὲ
1448 4009 1715 4072 ἀναβάντα
1756 4012 1888 4071 μετὰ
1923 4010 2011 4067 τὴν
2049 4006 2132 4059 ἐπὶ
2165 4011 2367 4073 Γρανίκῳ
2387 4012 2512 4068 νίκην
2532 4008 2828 4072 ἀναθήμασί

472 4115 534 4147 τε
569 4102 813 4160 κοσμῆσαι
852 4101 910 4148 τὸ
947 4101 1059 4160 ἱερὸν
1097 4099 1182 4148 καὶ
1218 4102 1607 4162 προσαγορεῦσαι
1644 4102 1786 4148 πόλιν
1824 4099 1909 4148 καὶ
1945 4096 2235 4161 οἰκοδομίαις
2254 4099 2524 4162 ἀναλαβεῖν
2544 4097 2815 4161 προστάξαι

473 4188 582 4244 τοῖς
619 4184 941 4249 ἐπιμεληταῖς
976 4184 1230 4250 ἐλευθέραν
1268 4206 1324 4238 τε
1362 4190 1515 4250 κρῖναι
1554 4188 1639 4237 καὶ
1676 4187 1863 4251 ἄφορον.
1902 4190 1969 4243 cf.
2006 4189 2248 4244 Dittenb.
2274 4190 2376 4243 169
2395 4206 2473 4243 vs.
2496 4190 2579 4242 25.
2602 4189 2817 4243 Arrian.

474 4278 523 4331 1.
566 4276 649 4330 18.
689 4276 776 4343 112
832 4277 994 4331 Diod.
1035 4278 1117 4331 17.
1161 4279 1244 4330 24.
1289 4280 1337 4333 1.

525 4364 573 4430 2)
614 4365 807 4435 Droys.
846 4368 893 4420 2.
937 4368 984 4419 2.
1034 4367 1154 4423 380.
1200 4367 1435 4423 Gaebler
1478 4368 1751 4438 Erythrae
1788 4384 1834 4432 p.
1877 4368 1958 4421 17.
1998 4368 2162 4421 Holm
2199 4368 2247 4420 4.
2293 4368 2375 4419 74.

529 4453 579 4517 3)
634 4455 772 4508 Plut.
811 4458 971 4510 Eum.
1018 4456 1052 4509 8
1091 4457 1156 4509 cf.
1199 4456 1395 4526 DroyS.
1437 4457 1486 4509 2.
1527 4457 1572 4509 1.
1614 4456 1718 4511 150
1755 4473 1877 4511 ann.
1918 4456 1967 4508 2.
