3338 5350
1712 542 1799 607 90

587 763 830 830 puram
854 744 923 821 1).
973 739 1122 806 Hoc
1166 740 1367 804 modo
1411 739 1750 804 Eumenes
1799 760 1977 804 anno
2024 739 2153 804 322
2195 762 2236 804 a
2279 737 2625 822 Perdicca,
2670 761 2825 803 cum
2847 740 2917 804 in

590 870 667 914 eo
736 854 909 913 esset
980 853 1056 912 ut
1124 847 1625 935 expeditionem
1693 847 1767 910 in
1834 846 2228 933 Aegyptum
2276 844 2533 912 faceret
2578 848 2919 926 στρατηγὸς

589 953 971 1034 αὐτοκράτωρ
1040 952 1246 1019 Asiae
1312 952 1592 1018 Minoris
1662 952 2067 1019 constitutus
2116 960 2245 1035 est-3
2310 953 2512 1039 hujus
2560 953 2745 1018 tituli
2788 953 2918 1019 for-

587 1061 774 1127 mula
820 1061 1114 1144 AlcetaS,
1182 1059 1565 1149 praefectus
1612 1060 1942 1126 exercitus
2001 1060 2422 1126 Macedonici
2467 1060 2541 1124 in
2585 1059 2752 1125 Asia
2795 1060 2919 1124 Mi-

588 1191 773 1252 nore,
818 1167 1305 1255 Neoptolemus
1352 1172 1653 1254 satrapes
1700 1167 2064 1233 Armeniae
2112 1166 2364 1254 aliique
2412 1167 2732 1255 auspiciis
2780 1168 2919 1254 ejus

588 1275 863 1343 obnoxii
911 1280 1123 1358 erant,
1172 1273 1458 1360 obligati
1505 1280 1701 1339 erant
1742 1281 2016 1362 paratos
2063 1273 2312 1340 habere
2360 1274 2612 1340 milites
2636 1296 2788 1340 suos
2835 1275 2921 1339 ad

587 1383 911 1449 Eumenis
951 1381 1160 1466 jussa,
1230 1380 1503 1445 tametsi
1548 1380 1652 1445 illi
1721 1381 1855 1447 duo
1901 1381 2032 1470 ipsi
2078 1381 2306 1446 conati
2351 1386 2528 1464 sunt,
2578 1403 2723 1446 sese
2767 1381 2922 1446 huic

587 1491 688 1557 rei
732 1488 1162 1555 substrahere
1182 1489 1254 1571 2).

675 1596 770 1661 Et
814 1618 970 1662 cum
1013 1595 1142 1660 hac
1187 1593 1441 1681 majore
1484 1601 1823 1682 potestate
1867 1596 2146 1684 insuper
2200 1595 2571 1660 arctissime
2617 1595 2923 1661 cohaere-

586 1707 707 1770 bat
770 1704 881 1790 jus
949 1722 1247 1790 expensa
1314 1700 1613 1767 faciendi
1684 1703 1952 1790 imperii
2015 1724 2235 1767 causa.
2345 1702 2517 1768 Cum
2585 1701 2921 1768 Eumenes

589 1833 766 1876 anno
813 1810 942 1875 322
988 1808 1269 1873 titulum
1311 1808 1508 1873 illum
1547 1810 1842 1896 ‚adeptus
1888 1816 2081 1893 esset,
2153 1831 2477 1895 magnam
2536 1811 2682 1875 vim
2727 1832 2922 1898 pecu-

587 1918 741 1983 niae
789 1917 1111 2005 expendit
1158 1916 1231 1980 in
1279 1916 1443 1981 Asia
1480 1915 1779 1998 Minore3
1829 1917 2198 1982 exercitum
2244 1917 2485 2002 coegit,
2523 1917 2675 2004 ipsa
2718 1916 2921 1982 vecti-

586 2025 772 2112 galia
819 2022 1163 2089 imminuit
1209 2029 1286 2087 ut
1331 2022 1768 2111 Cappadoces
1817 2025 1906 2089 ad
1952 2023 2293 2112 stipendia
2333 2022 2649 2089 facienda
2695 2024 2922 2089 cohor-

587 2139 880 2214 taretur3
952 2129 1101 2196 aliis
1177 2129 1640 2194 immunitates
1690 2130 1898 2213 dedit,
1972 2130 2121 2196 aliis
2191 2129 2449 2196 tributa
2517 2130 2925 2197 condonavit

588 2237 999 2318 (ἀνεισφορίας
1047 2237 1241 2309 διδοὺς
1289 2236 1396 2300 καὶ
1446 2236 1798 2319 ἀτελείας-Μ
1870 2237 2315 2303 liberalitates
2362 2244 2432 2302 et
2477 2238 2655 2303 dona
2705 2235 2924 2301 distri-

588 2347 739 2411 buit
786 2344 1171 2428 (φιλοτιμίας
1217 2343 1322 2409 καὶ
1371 2341 1616 2424 δωρεάς)
1650 2342 1700 2426 3)
1767 2344 1827 2408 Ε
1875 2344 2173 2432 satrapia
2221 2367 2343 2410 sua
2383 2344 2596 2408 πολλα
2625 2345 2924 2424 χρήματα

591 2454 878 2541 adeptus
946 2459 1050 2518 est
1074 2451 1144 2535 ⁴).
1239 2450 1482 2518 Paullo
1549 2457 1707 2538 post
1773 2450 2282 2539 Polysperchon
2352 2451 2415 2516 ei
2459 2452 2804 2533 concessit,
2852 2457 2927 2515 ut

591 2582 674 2626 ex
720 2558 1030 2625 omnibus
1079 2557 1413 2623 thesauris
1480 2564 1751 2623 tantum
1818 2560 2146 2646 pecuniae
2207 2558 2548 2642 eximeret,
2599 2565 2928 2643 quantum

591 2668 722 2733 sibi
767 2666 1149 2756 placuisset,
1219 2664 1631 2731 exsolvenda
1702 2666 1764 2731 ei
1810 2673 1968 2732 sunt
2013 2661 2124 2730 ὅσα
2170 2664 2242 2731 ἂν
2289 2666 2505 2747 αἰτήσῃ
2551 2666 2624 2754 5),
2687 2661 2929 2731 καθ’ὅτι

591 2774 665 2840 ἂν
734 2775 923 2847 αὐτὸς
994 2780 1346 2854 προαιρῆται
1390 2772 1456 2852 ⁶).
1554 2772 1812 2839 Tamen
1881 2780 2168 2862 apparet
2235 2795 2390 2838 cum
2464 2773 2569 2839 his
2615 2773 2927 2839 omnibus

591 2882 1080 2967 obligationem
1145 2880 1478 2945 rationem
1567 2880 1900 2945 reddendi
1970 2902 2108 2945 non
2199 2879 2539 2945 sublatam
2607 2901 2770 2963 esse,
2864 2886 2928 2944 et

594 2994 903 3055 accurate
973 2987 1417 3073 distinguitur
1481 2986 1663 3051 inter
1726 2988 2049 3074 pecunias
2136 2987 2220 3052 de
2290 2985 2533 3073 quibus
2599 2987 2931 3052 rationem

591 3096 873 3162 reddere
934 3095 998 3160 ei
1056 3115 1196 3159 non
1264 3115 1432 3181 opus
1494 3100 1641 3158 erat·
1687 3100 1756 3158 et
1815 3115 1929 3159 eas
1978 3115 2266 3180 quarum
2312 3095 2603 3159 rationes
2651 3093 2739 3158 ad
2786 3093 2928 3157 the-

592 3225 865 3268 saurum
910 3208 1181 3290 praesto
1228 3207 1452 3265 essent
1494 3221 1767 3265 necesse
1812 3206 1959 3265 erat
1981 3201 2049 3281 7).

678 3311 836 3376 Non
920 3309 1143 3373 minus
1218 3330 1425 3393 quam
1492 3307 1655 3373 novi
1722 3306 1825 3371 illi
1894 3307 2350 3392 magistratus,
2420 3307 2553 3395 ipsi
2620 3314 2932 3394 satrapae

590 3416 1012 3503 singularum
1101 3415 1608 3502 provinciarum
1699 3412 1833 3499 maj
1842 3435 1956 3478 ore
2063 3420 2400 3502 potestate
2508 3412 2928 3478 fruebantur.

589 3523 866 3588 Etenim
910 3527 1065 3610 post
1108 3520 1483 3586 Alexandri
1527 3526 1816 3585 mortem
1883 3520 2140 3606 ubique,
2205 3527 2658 3607 strategorum
2707 3518 2932 3585 officia

592 3652 748 3696 cum
816 3636 1241 3716 satraparum
1308 3627 1702 3693 muneribus
1772 3626 2056 3692 confusa
2103 3634 2279 3710 sunt,
2348 3626 2463 3691 vel
2524 3627 2705 3713 quod
2750 3626 2933 3691 idem

593 3743 713 3821 est,
762 3758 1101 3802 summum
1144 3735 1505 3821 imperium
1552 3734 1970 3799 exercituum
2013 3734 2087 3798 in
2127 3733 2411 3799 diversis
2451 3733 2817 3821 provinciis
2861 3733 2933 3796 in

640 3970 691 4036 1)
727 3971 873 4025 Plut.
913 3971 1077 4025 Eum.
1116 3969 1166 4022 8.
1206 3969 1327 4021 fine.

641 4059 690 4123 2)
728 4059 886 4113 Diod.
927 4058 1010 4111 18.
1049 4057 1131 4110 29.
1173 4057 1222 4109 4.

642 4147 691 4214 3)
729 4148 875 4202 Plut.
916 4148 1076 4201 Eum.
1117 4146 1168 4198 4.

643 4236 690 4305 4)
726 4236 884 4290 Diod.
925 4235 1009 4288 18.
1050 4234 1136 4288 53.
1173 4236 1225 4287 2.

643 4326 690 4394 5)
727 4325 885 4379 Diod.
929 4324 1011 4378 18.
1052 4324 1136 4378 58.
1178 4325 1224 4377 1.
1277 4369 1280 4370 γ

647 4414 697 4481 6)
735 4414 893 4469 Diod.
940 4413 1023 4467 19.
1065 4413 1145 4467 15.
1185 4413 1237 4466 5.

653 4505 698 4573 7)
737 4505 805 4558 cf.
842 4504 985 4557 infra
1021 4502 1106 4557 93.
