3338 5350
1666 519 1792 586 148

555 741 753 784 suum
819 740 1030 806 puero
1097 718 1385 801 cederet,
1454 719 1779 783 liberatus
1847 725 1968 783 est.
2032 719 2270 784 Altera
2314 720 2621 806 quaestio
2670 726 2898 785 autem

554 834 676 909 est,
746 849 911 891 num
968 827 1137 891 haec
1175 849 1353 891 mors
1396 827 1747 913 Antigono
1790 834 1988 912 grata
2033 825 2260 891 fuerit.
2307 828 2458 913 Ego
2504 849 2642 893 non
2687 828 2897 893 credi-

556 934 772 998 derim
817 956 1229 1019 quamquam
1275 934 1613 999 Diodorus
1667 936 1766 998 19.
1820 934 1970 999 105.
2018 935 2081 998 3.
2132 934 2488 999 confirmat
2526 935 2623 998 ita
2668 933 2894 998 fuisse.

553 1040 703 1106 Hoc
747 1041 996 1106 scelere
1042 1041 1225 1106 enim
1271 1042 1331 1105 ei
1376 1048 1809 1128 praetextum
1852 1042 2248 1128 ademptum
2294 1049 2414 1123 est,
2442 1062 2578 1127 quo
2613 1038 2895 1105 Cassan-

554 1148 752 1212 drum
797 1149 1158 1230 cohiberet,
1206 1170 1389 1212 nunc
1434 1149 1614 1212 enim
1635 1169 1775 1212 non
1798 1148 2090 1235 amplius
2118 1148 2512 1214 universum
2538 1148 2898 1235 imperium

554 1254 926 1319 Alexandri
973 1256 1209 1320 heredi
1255 1254 1399 1340 ejus
1445 1256 1792 1319 vindicare
1835 1255 2079 1342 potuit,
2127 1254 2432 1343 profecto
2464 1256 2632 1321 haec
2652 1255 2893 1319 caedes

554 1384 693 1426 una
738 1382 823 1425 ex
868 1364 1087 1427 causis
1133 1370 1256 1445 est,
1303 1384 1479 1447 quae
1523 1361 1779 1426 bellum
1826 1384 2056 1427 rursus
2095 1363 2529 1427 exardescere
2567 1360 2893 1440 fecerunt.

556 1468 900 1546 Quantum
946 1476 1174 1533 autem
1220 1475 1523 1556 apparet,
1571 1467 2002 1533 Ptolemaeus
2047 1466 2181 1533 fuit
2217 1469 2622 1555 praecipuus
2663 1476 2898 1533 auctor

553 1573 717 1639 belli
782 1576 965 1661 quod
1011 1597 1167 1640 mox
1211 1577 1592 1642 insecutum
1636 1583 1756 1640 est.
1850 1574 1983 1639 Hic
2020 1575 2203 1639 enim
2246 1575 2514 1662 pepulit
2556 1576 2897 1663 praesidia

552 1683 884 1769 Antigoni
951 1706 1037 1748 ex
1104 1682 1365 1767 aliquot
1428 1683 1712 1748 urbibus
1779 1680 2078 1768 Ciliciae,
2147 1705 2317 1769 quas
2376 1689 2613 1748 contra
2654 1705 2895 1769 pacem

553 1791 912 1878 superioris
958 1790 1121 1854 anni
1165 1791 1240 1854 in
1283 1796 1622 1877 potestate
1668 1811 1792 1854 sua
1838 1790 2116 1855 tenebat
2141 1791 2214 1874 1).

642 1895 779 1962 Sed
825 1896 1049 1963 facere
1093 1918 1233 1962 non
1276 1919 1552 1985 possum
1597 1897 1765 1983 quin
1809 1898 2107 1985 suspicer
2144 1897 2647 1984 expeditionem
2689 1896 2894 1982 Poly-

554 2005 973 2092 sperchontis
1019 2012 1253 2070 contra
1297 2002 1755 2069 Cassandrum
1802 2006 1963 2069 anni
1984 2005 2120 2069 310
2145 2004 2514 2069 arctissime
2537 2004 2896 2069 cohaerere

551 2134 708 2176 cum
773 2112 981 2177 caede
1041 2110 1436 2176 Alexandri.
1528 2110 2037 2197 Polysperchon
2104 2111 2287 2175 enim
2346 2116 2512 2175 tunc
2571 2112 2894 2198 temporis

553 2219 1032 2286 dominabatur
1073 2217 1424 2283 Messenae
1471 2224 1540 2282 et
1581 2238 1799 2304 parvo
1842 2239 2053 2303 regno
2100 2218 2282 2303 quod
2319 2218 2449 2282 sibi
2471 2219 2897 2338 comparavit

550 2331 625 2393 in
671 2327 975 2409 Graecia,
1023 2328 1096 2389 in
1142 2346 1275 2411 quo
1322 2326 1490 2389 sitae
1535 2331 1732 2390 erant
1775 2323 2139 2390 Corinthus
2172 2330 2241 2389 et
2263 2322 2550 2411 Sicyon3
2573 2326 2896 2390 nimirum

552 2433 901 2499 metuebat
959 2454 1046 2497 ne
1106 2432 1558 2519 possessiones
1603 2431 1757 2497 illas
1802 2454 1927 2519 per
1970 2431 2253 2517 longum
2296 2438 2563 2519 tempus
2609 2438 2892 2515 teneret,

552 2564 706 2606 cum
750 2541 1006 2628 optime
1050 2540 1485 2625 intelligeret,
1532 2545 1769 2604 contra
1813 2538 2176 2604 Cassandri
2205 2539 2350 2604 vim
2394 2560 2538 2604 sese
2562 2540 2894 2604 sustinere

550 2669 689 2714 non
732 2669 947 2736 posse.
992 2688 1002 2705 ·
1038 2641 1450 2735 Expectavit
1494 2647 1773 2713 caedem
1818 2647 2135 2712 Roxanes
2182 2653 2252 2712 et
2316 2646 2494 2733 regis
2541 2646 2896 2713 offensioni

551 2754 697 2821 fore
742 2755 928 2843 plebi
974 2762 1044 2820 et
1087 2753 1428 2819 nobilitati
1473 2755 1936 2838 Macedoniae,
1995 2761 2063 2819 et
2106 2754 2237 2819 hac
2281 2755 2431 2842 ipsa
2472 2775 2547 2819 re
2594 2754 2894 2842 speravit

551 2860 697 2927 fore
744 2869 822 2926 ut
863 2884 1151 2948 regnum
1196 2884 1391 2926 suum
1434 2863 1867 2948 reciperaret‚
1913 2862 2096 2947 quod
2145 2869 2572 2927 assecuturus
2617 2869 2809 2943 esset,
2838 2862 2894 2926 si

551 2968 1034 3041 Macedonibus
1079 2975 1493 3056 postremam
1538 2968 1915 3033 Alexandri
1960 2967 2264 3034 subolem
2309 2970 2713 3034 ostenderet.
2780 2968 2892 3034 Ad

550 3077 727 3141 hanc
794 3098 938 3140 rem
1004 3083 1337 3163 spectanS,
1423 3076 1749 3160 juvenem
1839 3075 2201 3140 Heraclem
2290 3075 2608 3141 Barsines
2675 3075 2893 3140 filium

550 3183 927 3270 Lampsaco
995 3182 1399 3248 Corinthum
1468 3182 1836 3266 arcessivit,
1907 3183 2027 3268 qui
2094 3203 2249 3247 cum
2318 3190 2535 3248 matre
2602 3183 2690 3247 ad
2736 3205 2894 3247 eum

549 3290 883 3377 pervenit,
929 3288 1236 3376 profecto
1280 3290 1464 3354 haud
1509 3289 1723 3354 inscio
1768 3288 2137 3374 Antigono,
2185 3290 2303 3375 qui
2349 3290 2493 3354 sine
2519 3289 2725 3355 dubio
2749 3311 2893 3353 rem

551 3396 1041 3484 comprobavit,
1112 3417 1244 3481 quo
1313 3396 1444 3460 sibi
1505 3418 1725 3462 novus
1792 3395 2031 3461 titulus
2102 3404 2277 3461 esset
2335 3397 2582 3461 summi
2624 3396 2894 3483 imperii

554 3503 965 3568 vindicandi.
1019 3502 1526 3589 Polysperchon
1569 3501 1878 3568 Heraclis
1926 3502 2201 3567 nomine
2246 3503 2458 3568 socios
2504 3504 2593 3568 ad
2637 3502 2892 3567 bellum

551 3611 896 3693 evocavit3
942 3609 1173 3675 Aetoli
1218 3610 1468 3695 aliique
1515 3610 1579 3674 ei
1627 3610 1860 3674 statim
1920 3631 2177 3674 morem
2220 3616 2595 3695 gesserunt,
2644 3609 2892 3674 exerci-

553 3724 700 3782 tum
758 3717 1008 3802 Viginti
1053 3716 1243 3781 milia
1287 3717 1598 3803 peditum
1645 3723 1714 3781 et
1758 3715 1947 3781 mille
1984 3717 2292 3802 equitum
2326 3716 2567 3801 coegit,
2618 3716 2891 3801 quibus-

552 3845 708 3889 cum
750 3846 874 3912 per
917 3823 1260 3889 Aetoliam
1306 3831 1374 3887 et
1418 3824 1708 3911 Epirum
1767 3822 2112 3911 profectus
2162 3829 2282 3905 est,
2340 3829 2421 3888 ut
2462 3845 2587 3911 per
2629 3828 2893 3888 montes

550 3929 987 4018 Tymphaeae
1047 3932 1122 3995 in
1167 3930 1641 3996 Macedoniam
1700 3936 2110 4018 penetraret.
2204 3930 2583 3995 Cassander
2642 3929 2706 3994 ei
2750 3929 2892 3993 illic

550 4036 826 4103 obviam
869 4039 1091 4103 factus
1138 4045 1257 4122 est,
1321 4039 1441 4102 sed
1509 4044 1876 4124 antequam
1920 4059 2026 4102 res
2072 4038 2161 4102 ad
2205 4059 2512 4124 pugnam
2555 4036 2889 4125 pervenit,

548 4145 662 4209 hic
707 4166 863 4209 cum
907 4143 1485 4233 Polysperchonte
1529 4165 1731 4230 agere
1790 4144 2032 4231 coepit,
2082 4144 2192 4209 cui
2234 4144 2653 4209 territorium
2696 4164 2893 4207 suum

546 4251 619 4316 in
666 4251 953 4317 Graecia
996 4253 1342 4338 integrum
1387 4250 1653 4335 obtulit,
1704 4252 1950 4316 deinde
1997 4252 2058 4315 ei
2090 4251 2420 4316 concessit
2439 4249 2891 4337 possessiones

607 4475 656 4543 1)
693 4476 850 4529 Diod.
889 4476 974 4529 20.
1015 4475 1097 4528 19.
1136 4477 1185 4528 4.
