3338 5350
1742 552 1866 616 142

717 750 812 816 Ut
851 749 941 814 ad
983 771 1088 813 res
1135 746 1469 836 Antigoni
1517 755 1585 813 et
1629 747 2045 835 reliquorum
2091 748 2574 815 diadochorum
2596 749 2979 833 redeamus,

630 856 1015 941 Antigonus
1061 858 1287 921 omnia
1329 856 1690 940 recusavit,
1729 853 1986 921 bellum
2028 877 2257 921 rursus
2306 857 2571 939 exarsit,
2611 862 2982 943 postquam

631 962 1080 1047 Ptolemaeus,
1130 962 1596 1050 Lysimachus,
1645 961 2025 1028 Cassander
2069 967 2138 1027 et
2184 960 2504 1028 Seleucus
2552 984 2694 1027 sese
2738 970 2984 1028 contra

632 1091 788 1134 eum
835 1068 1351 1154 conjunxerunt.

717 1174 780 1240 Ε
824 1175 1024 1241 rebus
1071 1176 1157 1241 ab
1201 1175 1550 1263 Antigono
1595 1176 1823 1262 gestis,
1873 1177 2176 1241 omnium
2218 1177 2516 1263 primum
2553 1177 2627 1242 id
2668 1184 2980 1264 apparet,

630 1283 812 1347 hunc
877 1305 1062 1348 1111110
1129 1284 1403 1349 demum
1447 1305 1589 1350 sese
1656 1284 1940 1369 gessisse
2000 1289 2079 1349 ut
2124 1306 2277 1349 eum
2326 1286 2411 1349 ad
2461 1307 2662 1370 quem
2713 1305 2984 1349 summa

631 1392 836 1455 totius
882 1392 1273 1478 pertineret.
1364 1391 1565 1457 Nunc
1612 1390 1794 1456 enim
1833 1390 2159 1456 Eumenis
2198 1389 2345 1456 loco
2392 1391 2463 1455 in
2508 1390 2674 1455 Asia
2722 1391 2982 1456 vindex

631 1498 870 1563 domus
917 1500 1146 1584 regiae
1190 1498 1435 1581 extitit,
1486 1496 1837 1563 simulavit
1875 1497 2032 1582 jura
2081 1496 2429 1562 fautorum
2466 1497 2696 1584 regiae
2733 1499 2980 1563 domus

632 1624 1013 1689 agnoscere,
1086 1604 1213 1668 sibi
1282 1603 1445 1669 alios
1507 1604 1718 1670 socios
1764 1604 2189 1691 comparavit
2241 1625 2393 1669 cum
2462 1605 2533 1668 in
2576 1604 2761 1686 Asia,
2825 1610 2982 1669 tum

628 1713 699 1775 in
738 1709 993 1776 insulis.
1083 1709 1360 1775 Partem
1427 1707 1639 1797 Cypri
1709 1710 1888 1775 enim
1946 1716 2014 1774 et
2058 1710 2383 1776 Rhodum
2448 1710 2574 1775 sibi
2638 1709 2979 1795 adjunxit,

630 1839 785 1882 cum
851 1816 1360 1883 Aristodemum
1426 1823 1813 1904 praetorem
1878 1838 2076 1882 suum
2142 1818 2213 1882 in
2273 1817 2819 1906 Peloponnesum
2885 1818 2977 1882 ad

630 1924 1279 2013 Polysperchontem
1325 1931 1395 1990 et
1450 1923 1667 1989 filium
1717 1922 1860 2010 ejus
1908 1924 2375 1991 Alexandrum
2422 1926 2742 1989 mitteret.
2833 1925 2980 1989 Res

632 2033 718 2097 ab
763 2033 893 2098 hoc
936 2032 1085 2098 viro
1131 2032 1203 2096 in
1246 2032 1524 2119 Europa
1560 2037 1814 2117 gestae,
1854 2053 2009 2098 mea
2030 2032 2309 2118 quidem
2333 2033 2671 2097 sententia
2692 2030 2981 2096 maximi

630 2139 958 2205 momenti
1005 2138 1301 2204 fuerunt.

714 2247 895 2313 Nam
939 2246 1101 2312 licet
1144 2246 1412 2332 jamdiu
1477 2252 1701 2312 totum
1753 2246 2116 2333 imperium
2176 2247 2304 2312 sibi
2348 2247 2728 2312 vindicaret
2774 2245 2979 2311 Anti-

630 2375 868 2439 gonus,
939 2353 1180 2419 titulus
1251 2376 1384 2439 quo
1451 2353 1799 2419 nitebatur
1863 2355 2024 2418 satis
2071 2353 2447 2419 imbecillus
2496 2360 2564 2419 et
2611 2354 2979 2440 ambiguus

630 2459 779 2526 fuit.
887 2458 1016 2539 Qui
1080 2468 1313 2527 tamen
1379 2461 1816 2527 confirmatus
1888 2467 1990 2525 est
2056 2459 2530 2546 conjunctione
2601 2460 2746 2546 ejus
2817 2483 2982 2526 cum

627 2568 1224 2656 Polyspe‘rchonte.
1271 2569 1607 2635 Diodorus
1658 2569 1760 2633 19.
1788 2570 1891 2634 60.
1922 2572 1961 2633 2
2009 2569 2093 2633 de
2143 2569 2272 2634 hac
2316 2590 2391 2633 re
2437 2567 2711 2633 scribit:
2762 2567 2977 2651 (Aris-

629 2675 966 2763 todemus)
1028 2677 1303 2757 ἐντυχὼν
1341 2673 1734 2756 Ἀλεξάνδρῳ
1767 2675 1872 2741 καὶ
1913 2674 2411 2756 Πολυσπέρχοντι
2435 2675 2653 2756 Φιλίαν
2678 2672 2972 2741 συνέθετο

633 2784 777 2863 πρὸς
837 2784 1058 2857 αὐτοὺς
1105 2784 1253 2864 ὑπὲρ
1300 2785 1677 2861 Ἀντιγόνου,
1725 2783 1830 2848 κοιὶ
1887 2783 2419 2864 Πολυσπέρχοντα
2464 2784 2574 2861 μὲν
2621 2783 2977 2864 στρατηγὸν

630 2889 920 2967 ἀπέδειξε
988 2898 1098 2966 τῆς
1167 2892 1637 2972 Πελοποννήσου,
1707 2892 1807 2955 τὸν
1876 2891 1928 2955 δ’
1952 2889 2355 2971 Ἀλέξανδρον
2417 2889 2652 2954 ἔπεισεν
2716 2891 2802 2963 εἷς
2863 2891 2978 2964 τὴν

630 2996 851 3062 Ἀσίοιν
914 3003 1181 3063 πλεῦσαι
1244 2998 1389 3079 πρὸς
1450 2998 1818 3075 Ἀντίγονον.
1867 2999 2043 3078 Quid
2090 3000 2370 3064 tandem
2412 2998 2542 3064 1100
2588 2997 2983 3083 significat?

631 3104 824 3183 Quod
891 3104 1397 3193 Polysperchon
1462 3104 1842 3172 Cassandro
1900 3086 2124 3193 impar
2190 3111 2356 3188 erat,
2423 3106 2656 3191 itaque
2718 3105 2978 3170 auxilio

631 3217 907 3277 externo
967 3211 1323 3297 indigebat
1382 3219 1665 3278 eventus
1727 3213 2088 3300 superioris
2134 3211 2298 3277 belli
2337 3211 2483 3297 jam
2528 3210 2980 3278 manifestum

628 3317 944 3383 reddidit.
991 3319 1318 3385 Attamen
1363 3343 1738 3407 numquam
1784 3342 2060 3386 munere
2106 3341 2224 3385 suo
2270 3320 2721 3407 procuratoris
2766 3319 2980 3384 desti-

630 3430 818 3490 tutus
868 3432 1031 3509 erat,
1078 3428 1260 3513 quod
1320 3428 1640 3494 nimirum
1686 3450 2059 3513 numquam
2107 3427 2235 3492 sibi
2283 3427 2631 3492 vindicare
2684 3425 2975 3510 destitit,

632 3533 905 3599 tametsi
951 3553 1151 3599 nemo
1199 3555 1353 3599 eum
1395 3536 1700 3620 agnovit.

720 3635 858 3704 Sed
904 3661 1085 3704 nunc
1129 3638 1368 3706 foedus
1412 3641 1544 3707 init
1587 3662 1745 3706 cum
1766 3638 2217 3724 Aristodemo,
2243 3639 2576 3727 Antigoni
2598 3637 2975 3727 praefectO,

632 3738 701 3810 et
763 3753 1040 3834 praetor
1098 3746 1548 3834 Peloponnesi
1615 3747 2065 3813 constituitur.
2160 3747 2508 3825 Quomodo
2567 3746 2695 3813 hoc
2756 3745 2976 3835 expli-

631 3853 926 3918 candum
997 3853 1144 3918 est?
1207 3853 1416 3920 Nulla
1483 3853 1618 3919 alia
1687 3876 1780 3938 re,
1843 3853 1975 3918 nisi
2046 3854 2228 3940 quod
2273 3853 2778 3941 Polysperchon
2825 3875 2978 3919 sese

631 3979 911 4026 munere
980 3981 1099 4026 suo
1166 3961 1617 4047 procuratoris
1685 3960 1857 4045 regii
1927 3959 2292 4043 abdicavit,
2363 3959 2701 4046 Antigoni
2762 3980 2979 4025 causa

633 4065 907 4150 scilicet,
953 4067 1062 4131 cui
1107 4066 1233 4132 hoc
1280 4067 1479 4132 modo
1527 4088 1745 4133 novus
1811 4066 2049 4132 titulus
2096 4067 2370 4131 daretur
2418 4066 2505 4131 ad
2551 4065 2807 4131 bellum
2850 4088 2977 4153 ge-

629 4174 917 4238 rendum
962 4180 1196 4239 contra
1235 4173 1711 4258 Cassandrum,
1760 4180 1828 4237 et
1875 4173 1962 4239 ad
2008 4193 2294 4258 regnum
2331 4171 2847 4238 Macedonicum
2897 4174 2976 4238 in

630 4280 907 4368 Europa
972 4280 1102 4346 sibi
1168 4280 1676 4346 vindicandum.
1785 4280 1979 4359 Quod
2050 4278 2337 4344 antehac
2405 4279 2794 4365 Antigonus
2854 4278 2979 4365 jus

628 4386 1222 4474 Polysperchontis
1261 4408 1399 4453 non
1447 4386 1744 4472 agnovit,
1792 4387 1905 4452 vel
1941 4387 2103 4451 inde
2150 4385 2235 4451 ab
2281 4384 2634 4473 Antipatri
2680 4393 2981 4455 mortem

630 4494 812 4559 idem
851 4494 963 4579 jus
1010 4494 1138 4558 sibi
1184 4493 1565 4559 vindicavit
1615 4494 1712 4580 (p.
1769 4493 1917 4573 124)
1953 4492 2126 4557 nihil
2167 4492 2253 4557 ad
2298 4513 2476 4576 rem3
2546 4493 2673 4557 hoc
2721 4499 2827 4558 est
2870 4497 2980 4563 rei
