3338 5350
1762 520 1851 584 30

643 715 892 781 bantur
938 716 1182 802 quibus
1228 718 1408 783 cives
1453 718 1633 783 intra
1672 717 1840 784 fines
1861 721 2054 805 regni
2078 716 2125 797 1)
2169 740 2294 807 pro
2332 720 2658 785 Romanis
2682 718 2981 785 habendi

641 829 853 889 erant.
899 823 1012 888 Ad
1057 825 1342 889 eandem
1380 824 1766 910 analogiam
1803 828 1975 892 ratio
2001 827 2195 893 docet
2218 827 2401 892 cives
2418 825 2687 891 illarum
2710 826 2980 891 urbium

639 930 1252 1018 Macedonicarum,
1320 955 1496 1018 quae
1543 938 1735 997 extra
1779 933 1948 999 fines
1988 935 2302 999 conditae
2349 939 2541 998 erant
2586 955 2711 1021 pro
2754 933 2979 998 Mace-

643 1037 928 1102 donibus
974 1038 1322 1105 habendos
1369 1062 1527 1104 esse.

729 1144 1042 1211 Ceterum
1110 1146 1278 1211 adeo
1347 1168 1668 1234 prospere
1734 1149 1806 1212 in
1876 1147 2350 1235 Septentrione
2416 1145 2774 1233 Philippus
2833 1168 2980 1211 rem

637 1253 863 1337 gessit,
935 1258 1013 1316 ut
1074 1252 1386 1318 Cothelas
1457 1251 1789 1319 Getarum
1854 1278 1992 1339 rex,
2054 1253 2202 1340 jam
2266 1276 2449 1318 nunc
2522 1251 2761 1318 foedus
2823 1274 2977 1317 cum

638 1358 1012 1425 Macedone
1057 1360 1281 1425 inierit
1302 1361 1379 1445 ²),
1434 1367 1512 1425 ut
1547 1360 1915 1448 Apollonia
1962 1367 2029 1426 et
2080 1360 2373 1426 Odessus
2417 1361 2618 1426 urbes
2665 1361 2750 1425 ad
2797 1358 2978 1425 Pon-

639 1473 788 1530 tum
833 1468 1004 1532 sitae
1049 1489 1191 1532 sese
1239 1469 1556 1533 societate
1602 1491 1758 1533 cum
1801 1488 1963 1554 rege
2002 1467 2352 1554 junxerint
2375 1466 2442 1548 3).
2601 1454 2616 1471 ’

725 1573 869 1638 Nec
912 1580 1145 1639 tamen
1202 1576 1509 1661 sequenti
1582 1596 1762 1640 anno
1833 1596 2046 1661 aeque
2113 1596 2434 1662 prospere
2497 1596 2605 1639 res
2657 1575 2869 1661 gessit
2904 1576 2978 1638 in

636 1679 921 1745 Meridie
966 1680 1345 1769 Philippus,
1384 1682 1666 1748 Frustra
1712 1683 2140 1770 oppugnavit
2198 1682 2513 1769 deinceps
2572 1680 2980 1746 Perinthum

636 1793 709 1852 et
749 1787 1180 1872 Byzantium,
1230 1789 1474 1873 quibus
1518 1787 1970 1854 Athenienses
2016 1788 2264 1854 auxilia
2302 1789 2649 1871 miserunt,
2691 1789 2978 1853 auctori-

518 1926 523 1929 *
635 1901 850 1960 tatem
895 1916 1088 1959 suam
1125 1895 1196 1958 in
1244 1895 1703 1962 Chersonneso
1751 1897 2078 1961 sustinere
2124 1917 2262 1961 non
2305 1897 2548 1983 potuit.

723 2001 1003 2066 Meliore
1072 2000 1349 2066 fortuna
1416 2024 1593 2086 usuS,
1664 2001 1843 2067 filius
1905 2000 2047 2087 ejus
2093 2001 2485 2068 Alexander
2531 2003 2768 2067 eodem
2809 2008 2979 2067 tem-

634 2130 799 2197 pore
844 2109 1140 2193 MaedOS‚
1190 2098 1588 2187 Thracicam
1654 2116 1932 2193 gentem
1978 2110 2064 2174 ad
2114 2107 2552 2196 Strymonem
2617 2110 2808 2174 sedes
2853 2108 2984 2173 ha-

635 2217 913 2281 bentem
934 2214 1004 2299 4),
1052 2216 1320 2283 sedibus
1370 2220 1505 2282 suis
1553 2216 1770 2302 ejecit,
1811 2217 2074 2282 ‘urbem
2118 2215 2702 2304 Alexandropolin
2748 2216 2978 2283 condi-

638 2324 740 2388 dit
765 2322 840 2409 5),
888 2345 1177 2409 quorum
1243 2325 1420 2410 agris
1484 2345 1561 2389 eo
1630 2324 1834 2389 modo
1904 2345 2037 2410 quo
2105 2346 2310 2411 supra
2376 2329 2975 2389 commemoratum

636 2437 757 2513 est,
830 2452 1042 2497 novos
1137 2431 1392 2496 incolas
1462 2430 2009 2496 subministravit
2117 2429 2279 2517 Ipsa
2337 2430 2648 2497 Maedica
2694 2431 2981 2517 posthac

633 2558 792 2623 pars
832 2538 1042 2624 ipsius
1088 2539 1281 2623 regni
1324 2537 1742 2602 Macedonici
1786 2536 2105 2603 habenda
2150 2543 2255 2601 est
2280 2536 2353 2624 6).

723 2643 879 2710 Non
951 2651 1109 2710 ante
1168 2666 1409 2733 pacem
1475 2644 1800 2710 Demadis
1871 2651 2029 2733 post
2086 2667 2393 2734 pugnam
2438 2644 2983 2711 Chaeronensem

637 2754 798 2818 anni
859 2752 1008 2836 338,
1078 2753 1380 2840 Philippi
1444 2753 1808 2817 auctoritas
1878 2754 1949 2816 in
2016 2758 2214 2840 parte
2277 2751 2608 2817 Orientali
2652 2752 2981 2817 Thraciae

637 2859 908 2923 firmata
958 2866 1079 2925 est.
1168 2858 1345 2924 Tum
1406 2860 1681 2925 demum
1738 2857 2240 2925 Chersonnesus
2287 2859 2613 2925 Thracica
2659 2859 2981 2946 Philippo

633 2988 948 3033 concessa
994 2972 1099 3032 est
1132 2967 1220 3050 ⁷);
1269 2967 1681 3052 Byzantium
1717 2990 1885 3056 pace
1926 2967 2109 3034 facta
2131 2989 2287 3032 cum
2309 2966 2628 3054 Philippo
2656 2966 2724 3049 ⁸),
2773 2967 2980 3031 socie-

635 3079 850 3139 tatem
895 3074 1049 3138 iniit
1070 3074 1378 3160 quidem,
1426 3073 1704 3161 plenam
1749 3082 1978 3139 autem
2023 3075 2419 3140 libertatem
2462 3075 2744 3138 retinuit
2768 3071 2838 3155 9).

688 3234 736 3300 1)
775 3235 841 3289 of.
880 3234 1124 3289 Willems
1160 3251 1214 3303 p.
1251 3233 1373 3287 495.

686 3325 735 3382 2)
775 3325 956 3390 Satyr.
995 3323 1060 3378 fr.
1098 3323 1131 3377 5
1169 3323 1386 3383 (Athen.
1427 3324 1511 3378 13.
1552 3325 1715 3392 557d)
1754 3323 1840 3374 καὶ
1890 3325 1979 3383 τὴν
2019 3322 2206 3392 Θρᾴκην
2244 3323 2296 3374 δὲ
2333 3324 2417 3375 ὅτε
2448 3321 2572 3374 εἷλεν
2593 3323 2876 3394 (Φίλιππος)
2894 3319 2983 3381 ἧκε

634 3416 746 3475 πρὸς
799 3412 945 3463 αὐτὸν
998 3411 1229 3470 Κοθήλας
1264 3413 1289 3461 ὃ
1324 3419 1419 3463 τῶν
1475 3419 1671 3480 Θρᾳκῶν
1725 3415 1963 3476 βασιλεὺς
2017 3412 2150 3477 ἄγων
2205 3412 2376 3470 Μήδαν
2429 3413 2520 3470 τὴν
2573 3411 2838 3473 θυγατέρα
2893 3410 2984 3461 καὶ

636 3500 759 3563 δῶρα
793 3506 970 3553 πόλλα.
1008 3505 1075 3557 of.
1112 3504 1370 3560 Jordanis
1408 3504 1478 3558 10
1516 3522 1546 3559 e
1583 3505 1757 3564 Dione
1794 3504 1985 3570 Chrys.
2026 3505 2205 3553 Γετικᾶι
2238 3504 2304 3557 cf.
2346 3503 2607 3557 Schaefer
2644 3503 2694 3555 2.
2732 3502 2855 3555 447.

688 3592 734 3661 3)
771 3593 956 3649 Justin
992 3593 1042 3645 9.
1080 3594 1128 3646 2.
1171 3593 1219 3647 1.
1260 3593 1521 3648 Schaefer
1559 3595 1592 3644 2
1647 3592 1756 3647 450
1792 3610 1916 3647 ann.
1958 3592 2004 3645 1.

686 3681 733 3751 4)
772 3682 975 3737 Strabo
1017 3682 1138 3736 331.
1177 3682 1264 3736 36.
1302 3683 1337 3736 i.
1376 3683 1411 3736 f.

676 3770 737 3835 ·5)
775 3771 921 3825 Plut.
959 3771 1111 3826 Alex.
1151 3771 1200 3824 9.

686 3859 733 3927 6)
770 3860 1046 3915 Demitsas
1083 3861 1130 3915 2.
1173 3861 1294 3914 519.
1330 3860 1595 3931 Forbiger
1631 3861 1979 3932 Realencyol.
2016 3861 2067 3914 4.
2110 3879 2164 3931 p.
2206 3860 2360 3914 1355.
2405 3860 2529 3929 „sie
2564 3860 2980 3929 beunruhigten

637 3949 724 4002 die
777 3948 1134 4006 Makedonier
1188 3949 1343 4003 nicht
1377 3950 1552 4004 selten
1590 3950 1769 4004 durch
1805 3950 1925 4003 ihre
1978 3950 2264 4018 Einfallen‚
2320 3949 2404 4003 bis
2459 3949 2536 4003 sie
2594 3948 2811 4002 endlioh
2864 3966 2981 4003 von

637 4038 824 4091 diesen
878 4037 1229 4107 iiberwaltigt
1282 4038 1400 4092 und
1435 4038 1537 4091 mit
1572 4039 1751 4092 ihrem
1786 4038 1974 4092 Laude
2010 4039 2280 4109 vereinigt
2315 4037 2557 4102 wardon,
2597 4037 2701 4091 seit
2740 4037 2982 4091 welcher

635 4127 755 4180 Zeit
791 4127 1012 4184 Madika
1047 4127 1155 4181 den
1189 4127 1525 4181 Nordlichen
1561 4127 1790 4181 Distriot
1824 4128 2216 4182 Makedoniens
2254 4126 2510 4181 bildete.’'

689 4216 734 4281 7)
772 4206 1047 4271 Schaefe'r.
1086 4216 1136 4270 3.
1175 4215 1258 4269 28.
1300 4216 1368 4271 de
1405 4217 1636 4271 urbibus
1674 4215 2038 4271 Chersonnesi
2073 4217 2138 4270 cf.
2180 4234 2245 4270 ea
2283 4233 2425 4284 quae
2461 4233 2515 4285 p.
2553 4216 2621 4268 27
2659 4216 2809 4269 diota
2844 4219 2984 4270 sunt

637 4304 705 4359 de
740 4304 969 4359 Abderis
1006 4308 1109 4359 cet.

687 4392 736 4460 8)
774 4393 1052 4450 Schaefer.
1090 4395 1140 4450 3.
1178 4394 1264 4448 51.

687 4482 734 4552 9)
772 4483 968 4538 Arrian
1006 4485 1055 4536 1.
1092 4484 1141 4538 3.
1180 4484 1215 4537 3
