3338 5350
1552 526 1638 590 93

434 720 688 784 tionem
756 740 1082 804 equorum
1152 741 1237 784 ex
1304 721 1574 806 equitiis
1617 721 1843 807 regiiS,
1894 742 2069 807 quae
2111 742 2217 787 res
2262 722 2393 810 ipsi
2441 744 2479 786 a
2525 723 2768 788 summi

434 827 702 914 imperii
769 826 1278 912 magistratibus
1344 848 1482 892 non
1527 828 1855 915 permissa
1898 835 2062 911 erat,
2112 850 2317 916 (1118111
2363 829 2768 915 equitiorum

434 933 764 1020 praefecti
809 935 871 998 ei
915 956 1053 1000 non
1098 934 1229 999 nisi
1276 935 1350 999 vi
1395 935 1611 1001 coacti
1657 941 2146 1001 concesserant.

527 1041 722 1120 Quod
765 1042 837 1105 in
886 1042 1200 1107 universo
1246 1048 1549 1128 satrapas
1595 1042 1889 1107 rationes
1947 1042 2453 1129 provinciarum
2498 1066 2771 1108 suarum

438 1149 616 1235 apud
688 1147 1037 1213 thesauros
1104 1148 1353 1213 habere
1424 1149 1744 1236 oportuit,
1805 1148 2183 1214 luculenter
2228 1159 2513 1237 apparet
2559 1173 2643 1215 ex
2687 1151 2769 1215 iis

436 1277 611 1341 quae
680 1277 885 1341 supra
954 1257 1135 1343 (pag.
1188 1256 1269 1319 77
1319 1277 1475 1320 ann.
1523 1255 1587 1337 2)
1660 1255 1845 1320 dicta
1905 1263 2064 1320 sunt
2125 1255 2210 1320 de
2255 1257 2519 1321 ratione
2565 1279 2769 1344 (1118111

434 1361 822 1447 Antigonus
894 1384 1071 1427 anno
1140 1363 1271 1427 316
1340 1384 1381 1427 a
1451 1360 1733 1427 Seleuco
1800 1363 2174 1450 postulavit
2218 1369 2499 1450 propter
2543 1364 2769 1450 Baby—

434 1468 706 1533 Ioniam.

522 1575 763 1661 Neque
832 1575 964 1640 alio
1032 1576 1234 1641 modo
1300 1598 1407 1641 res
1469 1597 1612 1641 sese
1658 1576 1954 1641 habebat
2000 1576 2056 1640 si
2101 1576 2234 1664 ipsi
2279 1575 2579 1642 thesauri
2624 1577 2770 1642 sive

436 1682 754 1765 amicitia,
796 1683 942 1747 sive
986 1682 1454 1748 imbecillitate
1499 1684 1857 1749 custodum
1892 1684 1965 1748 in
2011 1689 2437 1771 satraparum
2473 1689 2768 1770 potesta-

436 1797 575 1854 tem
641 1796 1122 1876 pervenerunt,
1192 1795 1270 1854 ut
1334 1789 1802 1879 Aegyptiacus
1870 1791 2032 1855 inde
2096 1790 2180 1856 ab
2251 1813 2430 1856 anno
2499 1791 2630 1856 323
2697 1791 2770 1855 111

432 1897 811 1962 Ptolemaei
854 1903 1191 1985 potestate
1237 1897 1390 1982 fuit,
1437 1904 1515 1963 ut
1558 1897 2018 1983 Babylonicus
2070 1898 2231 1963 inde
2278 1898 2363 1963 ab
2413 1919 2591 1963 anne
2636 1898 2764 1963 321

436 2001 718 2069 Seleuco
765 2004 1057 2069 traditus
1104 2011 1267 2069 erat.

522 2111 722 2176 Hanc
778 2111 865 2176 ob
926 2134 1072 2177 rem
1115 2112 1378 2177 ratione
1447 2112 1708 2199 accepti
1769 2118 1836 2177 et
1899 2112 2176 2200 expensi
2222 2111 2577 2178 custodum
2622 2111 2766 2177 the-

434 2240 789 2285 saurorum
844 2220 1050 2284 etiam
1118 2218 1595 2285 includebatur
1638 2220 1812 2285 ratio
1883 2225 2194 2307 satrapae
2264 2219 2350 2285 de
2415 2220 2769 2307 provincia

434 2349 574 2410 sua,
624 2327 712 2391 de
756 2326 1085 2391 reditibus
1132 2332 1203 2391 et
1247 2327 1592 2415 expensis3
1641 2332 1710 2391 et
1751 2326 2079 2414 quamdiu
2099 2326 2400 2391 thesauri
2423 2326 2769 2392 interdum

437 2457 478 2499 a
544 2455 810 2499 summa
879 2433 1464 2499 administratione
1533 2434 1803 2522 imperii
1847 2433 2242 2499 visebantur
2287 2439 2359 2499 et
2403 2432 2767 2520 dispunge-

433 2542 704 2625 bantur,
774 2547 1078 2629 satrapes
1147 2539 1274 2605 hac
1340 2562 1610 2627 quoque
1675 2541 1749 2606 in
1817 2563 1891 2605 re
1936 2540 2213 2605 summis
2259 2540 2769 2626 magistratibus

434 2647 776 2735 subjectus
824 2653 969 2713 erat
990 2646 1063 2734 1).

520 2757 680 2822 Νο11
728 2762 1093 2842 antequam
1138 2779 1401 2823 summa
1450 2755 1948 2821 administratio
1992 2758 2328 2838 thesaurO,
2376 2756 2583 2821 immo
2620 2757 2770 2844 ipsa

434 2864 792 2951 provincia
835 2863 1202 2929 interclusa
1248 2870 1367 2949 est,
1413 2863 1581 2928 haec
1627 2863 1775 2951 ipso
1821 2862 2003 2929 facto
2050 2864 2325 2928 omnino
2372 2862 2456 2927 ab
2486 2863 2769 2951 imperio

436 2970 764 3036 dissoluta
831 2977 952 3054 est,
1022 2977 1099 3036 ut
1166 2972 1524 3059 Aegyptus
1563 2970 1711 3056 jam
1772 2970 2002 3035 statim
2047 2971 2209 3035 inde
2256 2970 2342 3035 ab
2392 2991 2568 3036 anno
2617 2970 2766 3034 323.

434 3078 732 3143 Maxime
791 3078 1159 3143 dolendum
1228 3084 1346 3163 est,
1395 3100 1621 3143 rerum
1666 3078 2023 3165 scriptores
2082 3077 2262 3142 118110
2304 3098 2449 3141 10111
2493 3077 2767 3162 neglex-

432 3185 562 3250 isse
635 3191 703 3249 et
771 3183 908 3250 alto
977 3184 1246 3250 silentio
1316 3186 1761 3273 praeteriisse,
1811 3184 2006 3271 quasi
2072 3206 2176 3249 res
2223 3184 2372 3271 ipsa
2417 3182 2644 3270 ferret,
2695 3193 2770 3252 ut

431 3298 589 3380 post
636 3313 890 3357 annum
937 3293 1067 3357 323
1136 3291 1388 3378 singuli
1449 3298 1763 3380 satrapae
1822 3291 2190 3379 provinciis
2237 3292 2373 3356 suis
2418 3297 2770 3378 tamquam

433 3421 625 3485 reges
697 3402 1226 3482 dominarentur,
1299 3407 1366 3465 et
1431 3401 1691 3466 reditus
1781 3401 1879 3464 ita
1969 3398 2390 3482 adhiberent,
2460 3405 2538 3463 ut
2603 3400 2767 3488 ipsis

432 3507 783 3596 placuerit.
836 3506 912 3573 Si
954 3508 1038 3572 de
1083 3508 1213 3572 hac
1257 3529 1330 3572 re
1376 3507 1575 3595 plura
1617 3514 1912 3572 aetatem
1955 3506 2287 3590 tulissent,
2315 3512 2478 3572 tunc
2502 3503 2769 3572 facilius

433 3615 663 3679 dirimi
751 3615 1100 3703 potuisset,
1188 3614 1763 3700 quemadmodum
1869 3613 2153 3700 singulis
2238 3613 2401 3679 locis
2485 3613 2768 3699 singulis

432 3722 851 3808 temporibus
897 3722 1257 3809 imperium
1303 3720 1819 3787 Macedonicum
1864 3720 2145 3805 steterit,
2188 3726 2257 3785 et
2301 3721 2574 3807 quando
2618 3721 2767 3808 ipso

435 3826 618 3893 facto
663 3829 1012 3895 interierit.

523 3935 802 4000 Nummi
873 3936 1061 4001 aurei
1130 3946 1198 4000 et
1266 3936 1572 4021 argentei
1645 3957 1815 4021 quos
1883 3942 2195 4024 satrapae
2276 3936 2769 4023 percutiebant,

438 4041 659 4107 adhuc
724 4043 1103 4128 insignibus
1170 4041 1546 4107 Alexandri
1613 4043 1835 4107 ornati
1902 4049 2114 4125 erant,
2160 4049 2398 4130 postea
2446 4042 2770 4109 dissoluto

433 4148 737 4236 imperi0‚
788 4156 1100 4237 satrapae
1142 4170 1453 4214 nummos
1499 4150 1843 4237 praeditos
1899 4150 2034 4215 suis
2082 4151 2292 4236 signis
2341 4150 2484 4217 sive
2529 4150 2768 4236 imagi-

490 4390 534 4457 1)
577 4391 737 4460 Quod
790 4390 1225 4446 luculentissime
1281 4395 1511 4461 apparet
1566 4409 1635 4446 ex
1688 4392 1754 4447 iis
1803 4409 1947 4460 quae
1983 4392 2291 4463 Antigonus
2329 4409 2473 4447 anno
2512 4391 2616 4445 316
2663 4392 2769 4447 Β8-

439 4481 639 4552 bylone
680 4499 714 4536 a
753 4481 987 4536 Seleuco
1027 4481 1358 4552 flagitaverit
1396 4483 1543 4552 (pag.
1585 4482 1651 4534 77
1691 4499 1815 4536 ann.
1845 4483 1918 4551 2.)
