3338 5350
1693 501 1779 565 42

574 696 786 761 ictum
830 691 984 767 ὅπως
1031 694 1406 759 ἀκολουθῶσι
1456 696 1503 759 οἱ
1548 695 1856 770 ’Έλληνες
1897 694 2029 761 ὅποι
2069 695 2141 762 ἂν
2189 698 2214 760 ὁ
2264 696 2563 774 βασιλεὺς
2586 700 2815 773 ἡγῆται
2841 697 2912 781 ¹),

573 803 916 869 communi
982 802 1261 867 consilio
1306 802 1529 868 Persis
1577 802 1835 867 bellum
1880 803 2133 870 inferre
2194 805 2324 869 sibi
2391 810 2906 893 proposuerunt,

573 911 896 997 Philippo
944 910 1114 975 duce
1141 910 1209 992 2).

666 1015 1078 1104 Synedrium
1116 1023 1345 1083 autem
1390 1039 1691 1083 summae
1740 1019 1949 1084 totius
1997 1017 2316 1106 praefuit,
2367 1018 2678 1105 singulae
2718 1018 2913 1083 urbes

575 1125 844 1211 singula
888 1123 1213 1210 suffragia
1263 1123 1576 1189 ferebant
1601 1123 1673 1207 3),
1723 1132 2133 1192 convocatur
2178 1149 2218 1191 a
2261 1146 2420 1211 rege
2459 1125 2570 1191 vel
2598 1148 2638 1191 a
2661 1125 2912 1190 vicario

579 1232 722 1317 ejus
748 1231 819 1314 4).

663 1339 846 1405 Ante
890 1340 1119 1405 omnia
1179 1340 1332 1423 alia,
1404 1362 1542 1406 non
1610 1341 1830 1408 solum
1888 1341 2168 1406 libertas
2214 1346 2282 1405 et
2323 1340 2540 1406 libera
2584 1339 2912 1428 possessio

575 1448 906 1513 bonorum
950 1447 1263 1514 omnibus
1313 1449 1588 1515 Graecis
1606 1470 1924 1515 concessa
1949 1455 2049 1513 est
2084 1448 2162 1535 5),
2203 1447 2354 1527 (hoc
2393 1449 2574 1512 enim
2613 1446 2917 1533 sequitur

578 1578 614 1620 e
658 1577 906 1641 genere
951 1553 1267 1638 foederis)
1316 1562 1392 1619 ut
1436 1556 1637 1621 vacui
1676 1555 1947 1621 tributis
1985 1562 2227 1638 essent,
2253 1555 2370 1619 sed
2397 1555 2603 1620 etiam
2624 1554 2914 1619 liberum

576 1662 1051 1728 commercium
1096 1667 1163 1726 et
1210 1661 1425 1726 libera
1469 1661 1822 1747 navigatio
1854 1662 2017 1727 data
2042 1668 2142 1726 est
2167 1659 2235 1744 ⁶),
2285 1660 2515 1726 classis
2562 1681 2695 1725 non
2723 1681 2910 1727 secus

578 1791 657 1835 ac
703 1774 905 1834 antea
952 1790 993 1832 a
1040 1768 1234 1833 sociis
1279 1768 1649 1834 ornabatur
1675 1770 1746 1852 7).

663 1875 871 1942 Nulla
914 1875 1154 1941 civitas
1201 1875 1505 1961 obligata
1545 1883 1693 1941 erat
1745 1898 1955 1941 naves
2001 1875 2239 1960 longas
2290 1873 2567 1939 alberius
2614 1873 2911 1939 civitatis

577 1983 884 2071 excipere
912 1982 979 2062 3).

663 2090 896 2155 Prisca
961 2090 1275 2154 instituta
1317 2090 1588 2176 integra
1633 2095 2028 2154 manserunt
2085 2088 2158 2152 in
2204 2086 2514 2152 omnibus
2562 2085 2706 2151 fere
2749 2086 2911 2151 civi·

577 2196 831 2261 tatibus
860 2196 943 2278 9);
1008 2196 1415 2282 quicumque
1475 2202 1710 2262 contra
1775 2196 1953 2260 hanc
1998 2194 2222 2281 legem
2268 2215 2482 2259 novas
2529 2215 2634 2258 res
2682 2192 2909 2258 molie-

575 2304 778 2369 batur
828 2326 867 2367 a
912 2303 1152 2367 ceteris
1200 2302 1395 2368 sociis
1441 2302 1621 2368 bello
1669 2302 2087 2368 cohibendus
2134 2308 2281 2367 erat
2305 2301 2399 2380 10).

669 2410 1080 2496 Synedrium
1143 2410 1431 2475 cavebat
1491 2433 1577 2475 ne
1646 2410 1887 2475 caedes
1955 2408 2197 2474 fierent
2266 2415 2384 2473 aut
2431 2407 2634 2473 exilia
2679 2413 2912 2472 contra

576 2519 760 2604 leges
805 2517 878 2582 in
926 2516 1204 2583 urbibus
1272 2518 1696 2601 constituta&
1765 2538 1940 2582 neve
2008 2516 2340 2581 bonorum
2398 2517 2908 2605 publicationeS‚

577 2646 750 2690 neve
797 2645 1114 2709 agrorum
1183 2624 1568 2709 divisiones,
1628 2646 1804 2691 neve
1851 2622 2125 2689 tabulae
2169 2645 2409 2709 novae,
2456 2647 2632 2691 neve
2676 2646 2910 2690 manu-

579 2731 926 2798 missiones
996 2753 1344 2797 servornm
1416 2733 1499 2797 ad
1567 2754 1781 2798 novas
1825 2755 1929 2799 res
1979 2732 2353 2797 moliendas
2379 2732 2476 2816 ¹¹),
2525 2733 2801 2820 insuper
2839 2731 2910 2795 id

579 2839 859 2904 curabat
902 2845 980 2903 ut
1022 2861 1158 2926 pax
1219 2846 1616 2905 servaretur.
1694 2840 1770 2905 Si
1838 2839 2110 2926 quando
2169 2839 2693 2904 dissentiebatur
2737 2838 2914 2903 inter

629 3128 677 3197 1)
716 3132 782 3185 cf.
828 3129 1029 3184 Busolt.
1069 3147 1121 3199 p.
1162 3129 1281 3182 649.
1323 3132 1379 3182 et
1416 3145 1586 3198 supra
1621 3146 1676 3198 p.
1714 3127 1798 3182 20.

628 3219 674 3287 2)
710 3219 921 3273 Ari-ian.
961 3219 1010 3271 7.
1050 3218 1100 3273 9.
1138 3220 1186 3272 5.
1228 3217 1383 3271 Diod.
1427 3217 1508 3270 16.
1547 3217 1630 3267 89.
1669 3217 1718 3270 2.
1757 3217 2005 3271 Aeschin.
2046 3216 2285 3286 Ctesiph.
2326 3215 2443 3269 132.
2485 3216 2684 3270 Justin.
2723 3215 2768 3268 9.
2790 3215 2838 3268 5.
2859 3216 2909 3267 5.

631 3307 679 3374 3)
717 3308 879 3362 Niese
918 3307 964 3360 1.
1002 3306 1087 3360 38.

630 3396 680 3461 4)
715 3396 874 3450 Diod.
917 3395 999 3449 17.
1036 3397 1086 3449 4.
1126 3395 1185 3464 9;
1224 3394 1307 3448 73.
1347 3394 1395 3447 5.
1438 3394 1699 3449 Schaefer
1734 3395 1785 3449 3.
1824 3395 1909 3448 54.
1950 3411 2075 3448 ann.
2117 3394 2162 3446 1.

628 3485 678 3549 5)
717 3484 1000 3539 Demosth.
1034 3483 1154 3537 213.
1192 3484 1276 3537 24.
1313 3480 1491 3533 ’ἔπειτα
1527 3482 1613 3533 καὶ
1649 3483 1920 3535 ἐπιτάττει
1956 3482 1985 3538 ἦ
2023 3480 2232 3539 συνθήκη
2249 3481 2394 3539 εὐθὺς
2417 3484 2469 3534 ἐν
2488 3481 2621 3546 ἀρχῇ
2641 3479 2913 3542 ἐλευθέρους

575 3572 700 3624 εἶναι
737 3572 823 3623 καὶ
858 3571 1151 3635 αὐτονόμους
1188 3574 1303 3630 τοὺς
1338 3572 1600 3630 (Έλληνας.
1641 3573 1832 3643 Polyb.
1875 3573 1922 3626 9.
1945 3573 2029 3626 33.
2052 3573 2101 3626 6.
2142 3571 2469 3626 cf.Dittenb.
2496 3569 2907 3625 801nit Schol.

579 3664 665 3718 ad.
705 3663 991 3717 Demosth.
1031 3662 1150 3716 255.
1193 3662 1275 3715 12.

628 3752 679 3818 6)
718 3752 1004 3806 Demosth.
1044 3751 1166 3804 217.
1201 3751 1251 3805 8.

630 3842 678 3910 7)
731 3841 846 3895 ibid
882 3840 965 3893 17.

630 3930 679 3994 8)
716 3929 1001 3983 Demosth.
1038 3928 1157 3983 218.
1198 3929 1282 3982 27.

631 4019 677 4088 9)
716 4017 876 4072 Diod.
935 4017 1015 4071 18.
1070 4019 1154 4072 56.
1212 4018 1261 4072 6.
1315 4019 1358 4068 εἷ
1407 4016 1462 4068 δέ
1510 4037 1624 4068 τινα
1677 4026 1772 4069 τῶν
1827 4018 2198 4081 πολιτευμάτων
2244 4020 2484 4076 Φίλιππος
2519 4015 2550 4076 ἢ
2587 4014 2910 4080 Ἀλέξανδρος

578 4105 842 4169 ἀπέδειξαν
878 4106 1050 4164 αὐτοῖς
1087 4105 1369 4158 §waiva-aa.

604 4197 678 4267 10)
716 4196 1002 4251 Demosth.
1059 4197 1177 4250 213.
1238 4197 1333 4262 10;
1393 4197 1511 4250 214.
1571 4198 1665 4261 11;
1705 4197 1825 4251 215.
1865 4198 1948 4251 15.
1988 4197 2146 4251 Diod.
2188 4196 2270 4250 18.
2309 4197 2393 4251 56.
2420 4197 2469 4250 3.
2510 4197 2753 4252 Dittenb.
2796 4196 2910 4249 149.

579 4288 664 4339 ἐὰν
693 4287 773 4343 τίς
810 4290 882 4350 τι)
903 4284 1259 4347 παρασπον(δῆι
1298 4285 1449 4353 τ)ε(ρῖ
1484 4287 1577 4342 τὰς
1613 4284 1857 4343 συνθήκας
1893 4284 2139 4353 βοηθήσω)
2159 4286 2336 4338 κάθοτι
2364 4284 2419 4335 ἂν
2448 4284 2910 4355 πα(ρ)οι(γ)<γέλληι

580 4375 659 4426 ἀεὶ
693 4380 782 4425 τῶι
821 4373 1062 4440 δεομένωι)
1093 4374 1179 4425 καῖ
1213 4373 1521 4442 πολεμ(ἦ)σ·ω
1556 4377 1666 4444 τῶ(ι
1705 4376 1794 4434 τὴν
1833 4376 1986 4434 κοινὴν
2021 4374 2198 4438 εἰρήνην
2233 4375 2697 4444 παρα)βαιίν(ο)ν(τι.

602 4466 679 4533 11)
718 4465 1003 4520 Demosth.
1045 4465 1164 4519 215.
1199 4466 1280 4522 19.
