3338 5350
1668 521 1793 584 182

559 737 763 780 causa
829 736 947 779 cur
1014 713 1411 800 Brachylles
1498 720 1639 780 tam
1686 715 1893 781 breve
1938 721 2207 801 tempus
2277 715 2477 779 rebus
2545 713 2887 778 Lacedae-

559 843 759 887 mone
803 820 1191 909 praefuerit.
1254 821 1574 887 Messenii
1636 823 1842 888 etiam
1887 829 2124 911 postea
2169 844 2210 888 a
2254 821 2571 908 synedrio
2618 821 2891 886 admissi

558 935 718 993 sunt
760 922 832 1011 1).

648 1034 723 1100 Si
762 1035 941 1100 inter
985 1035 1195 1101 socios
1242 1035 1781 1123 dissentiebatur,
1823 1037 2201 1123 jurisdictio
2245 1058 2452 1124 penes
2501 1036 2890 1122 synedrium

559 1140 690 1206 fuit
712 1141 799 1226 ²);
886 1142 1244 1227 quotannis
1314 1144 1474 1208 socii
1539 1144 1720 1210 inter
1784 1165 1855 1209 se
1937 1143 2417 1230 jusjurandum
2497 1142 2757 1208 dabant
2822 1149 2888 1206 et

562 1247 929 1333 exigebant
948 1239 1034 1331 ³);
1107 1250 1224 1314 sed
1292 1249 1557 1335 legibus
1627 1257 1902 1316 cautum
1972 1256 2117 1315 erat
2184 1272 2268 1315 ne
2339 1249 2520 1335 quod
2568 1248 2890 1313 adversus

561 1357 949 1421 societatem
1017 1362 1193 1421 esset
1262 1357 1379 1422 aut
1445 1356 1697 1423 referre
1763 1357 2270 1444 magistratibus
2339 1354 2621 1443 alicujus
2684 1355 2887 1439 urbiS‚

560 1469 676 1527 aut
724 1462 1083 1527 decernere
1127 1462 1409 1528 concilio
1446 1463 1559 1550 jus
1608 1469 1782 1529 esset
1803 1463 1872 1547 4).

645 1568 807 1657 Ipsa
850 1570 1129 1636 societas
1178 1572 1563 1636 autonomia
1605 1573 1935 1638 sociorum
1994 1572 2339 1637 nitebatur
2363 1572 2444 1653 5);
2506 1571 2621 1637 vel
2666 1570 2891 1658 potius

555 1677 866 1741 instituta
932 1682 1011 1742 ut
1077 1676 1407 1760 vigebant
1466 1679 1537 1742 in
1606 1678 1888 1744 diversis
1956 1679 2347 1743 civit-atibus
2408 1699 2545 1743 non
2587 1683 2891 1742 mutatae

557 1788 716 1849 sunt
735 1783 802 1865 6).
900 1783 1013 1849 Sic
1081 1783 1382 1849 Thessali
1440 1784 1573 1850 suis
1633 1783 1897 1870 legibus
1943 1786 2040 1849 uti
2089 1790 2531 1872 perrexerunt
2555 1782 2606 1869 ⁷)
2652 1784 2892 1849 eodem

557 1890 758 1956 modo
828 1911 961 1976 quo
1031 1897 1235 1956 antea
1293 1891 1416 1956 sub
1463 1889 1826 1978 praefectis
1888 1893 2091 1978 regiis
2136 1890 2319 1956 haud
2368 1892 2502 1956 scio
2551 1913 2639 1955 an
2684 1890 2890 1954 etiam

556 2018 737 2061 nunc
781 1997 1162 2061 tetrarchae
1213 1997 1541 2062 nominati
1582 1999 1749 2080 sint3
1796 1999 2084 2063 eandem
2130 1999 2216 2064 ob
2262 2020 2536 2063 causam
2582 1994 2888 2063 Thessali

556 2125 595 2167 a
641 2101 927 2187 Polybio
991 2103 1054 2167 4.
1102 2104 1164 2168 9.
1211 2103 1256 2166 4
1321 2104 1499 2168 inter
1558 2105 1770 2169 socios
1823 2110 2267 2170 numerantur
2312 2104 2609 2190 quidem,
2660 2109 2892 2166 tamen

555 2208 686 2273 alio
730 2208 874 2275 loco
919 2210 981 2274 4.
1014 2210 1117 2274 15.
1145 2209 1182 2273 1
1232 2208 1350 2274 ubi
1397 2211 1482 2275 de
1524 2210 1766 2297 legatis
1814 2212 1900 2276 ad
1944 2210 2237 2297 reliquos
2284 2211 2494 2276 socios
2541 2208 2893 2274 mittendis

557 2337 773 2405 sermo
842 2323 963 2399 est,
1033 2314 1336 2381 Thessali
1403 2319 1824 2399 omittuntur,
1886 2319 2205 2382 nimirum
2248 2319 2568 2404 quoniam
2617 2339 2658 2381 a
2702 2336 2893 2403 prae—

555 2420 749 2487 fectis
793 2422 998 2508 regiis
1040 2422 1597 2509 gubernabantur
1617 2425 1687 2508 ⁸).
1735 2425 1962 2490 Etiam
2010 2430 2202 2512 patet
2247 2445 2359 2489 eos
2405 2425 2644 2490 eodem
2689 2423 2892 2487 modo

557 2549 688 2613 quo
751 2528 896 2614 jam
963 2528 1086 2594 sub
1151 2529 1469 2619 Philippo
1530 2538 1597 2595 et
1661 2528 2053 2597 Alexandro
2109 2531 2449 2619 stipendia
2493 2528 2720 2594 facere
2766 2528 2891 2594 sub

556 2633 838 2702 ducibus
901 2636 1369 2720 MacedoniciS‚
1439 2658 1577 2703 non
1647 2637 1827 2703 enim
1894 2643 2375 2703 enumerantur
2433 2639 2613 2702 inter
2680 2636 2892 2703 socios

555 2739 882 2828 Antigoni
967 2741 1038 2807 in
1123 2765 1358 2830 pugna
1442 2744 1620 2831 apud
1690 2743 2066 2828 Sellasiam,
2128 2743 2433 2832 profecto
2500 2743 2684 2830 quod
2753 2765 2895 2808 non

557 2871 597 2912 a
659 2849 793 2914 suis
855 2850 1277 2936 praetoribus
1325 2850 1748 2916 ducebantur
1768 2849 1839 2937 9).
1926 2850 2054 2916 Vel
2098 2852 2172 2916 in
2216 2851 2495 2916 urbibus
2542 2851 2613 2916 vi
2660 2852 2894 2915 armis-

560 2978 689 3041 que
759 2956 992 3043 captiS‚
1061 2960 1140 3020 ut
1212 2956 1518 3044 Spartae,
1588 2958 1809 3044 prisca
1873 2959 2185 3022 instituta
2277 2956 2537 3022 civibus
2621 2956 2894 3022 reddita

552 3069 712 3127 sunt
737 3061 834 3147 ¹⁰),
904 3084 1124 3148 neque
1171 3063 1328 3129 ‘alio
1396 3065 1597 3131 modo
1663 3085 1784 3130 rex
1849 3087 1992 3130 sese
2037 3066 2247 3150 gessit
2291 3064 2575 3151 Tegeae.
2626 3063 2893 3129 Nihilo-

601 3400 648 3469 1)
684 3402 875 3468 Polyb.
913 3403 963 3456 4.
1001 3404 1087 3457 34.
1126 3405 1185 3472 13
1223 3405 1272 3457 4.
1316 3404 1400 3458 15.
1440 3406 1500 3470 2;
1538 3405 1587 3459 4.
1629 3406 1712 3458 16.
1752 3406 1800 3459 1.

603 3500 650 3568 2)
686 3501 877 3571 Polyb.
916 3501 967 3554 4.
1008 3501 1095 3555 24.
1133 3501 1183 3556 5.

605 3597 651 3663 3)
691 3598 881 3663 Polyb.
921 3600 971 3651 4.
1010 3599 1095 3651 24.
1132 3599 1181 3653 8.
1218 3600 1330 3654 Liv.
1370 3600 1454 3654 32.
1494 3600 1543 3654 5.
1581 3602 1630 3654 4.
1693 3602 1911 3669 „itaque
1968 3605 2023 3656 et
2061 3602 2117 3655 in
2166 3602 2432 3671 Achajam
2468 3601 2684 3671 legatos
2727 3602 2894 3666 misit,

561 3685 756 3753 „simul
794 3686 889 3752 qui
924 3686 1472 3755 jusjurandum-ita
1509 3689 1653 3742 enim
1672 3690 2008 3759 pepigerant,
2031 3691 2328 3756 quotannis
2341 3690 2630 3758 juraturos
2647 3690 2704 3743 in
2723 3689 2896 3744 verba

557 3773 1230 3844 „Philippi—exigerent.”

601 3867 651 3931 4)
684 3871 798 3923 Liv.
837 3871 923 3923 32.
961 3871 1045 3924 22.
1082 3873 1135 3925 3.

599 3967 647 4030 5)
684 3967 876 4037 Polyb.
915 3969 965 4022 4.
1003 3969 1085 4022 24.
1125 3969 1182 4022 4.

598 4064 646 4130 6)
685 4065 752 4118 cf.
789 4065 980 4136 Polyb.
1019 4067 1068 4119 5.
1106 4066 1191 4119 28.
1229 4068 1277 4120 6.
1317 4067 1386 4120 de
1419 4068 1797 4135 jurisdictione
1837 4071 2244 4126 Thebanorum.

600 4162 647 4228 7)
682 4163 875 4232 Polyb.
915 4163 967 4216 4.
1009 4164 1090 4218 76.
1134 4165 1183 4217 2.

599 4259 648 4324 8)
689 4259 821 4315 ibid.

599 4356 653 4421 9)
689 4357 755 4411 cf.
793 4357 1041 4424 Droysen
1078 4360 1128 4413 3.
1167 4360 1216 4412 2.
1255 4359 1358 4413 146
1400 4377 1524 4414 ann.
1563 4362 1611 4414 2.
1651 4363 1747 4429 qui
1782 4380 1902 4417 rem
1939 4364 2047 4419 alio
2085 4366 2252 4420 modo
2292 4365 2548 4436 explicat.

575 4453 648 4522 10)
685 4455 878 4524 Polyb.
917 4457 965 4509 2.
1006 4456 1089 4508 70.
1131 4457 1180 4509 1.
1217 4457 1409 4527 Polyb.
1447 4458 1496 4510 4.
1535 4459 1619 4522 24,
1659 4459 1718 4523 73
1755 4460 1805 4513 4.
1843 4460 1927 4513 34.
1965 4462 2032 4527 93
2071 4461 2121 4515 5.
2159 4463 2209 4517 9.
2248 4463 2300 4516 8.
2392 4526 2395 4531 Ι
