3338 5350
1695 532 1785 596 34

656 730 853 794 Hanc
924 730 1010 793 ob
1080 751 1224 793 rem
1295 750 1562 814 quoque
1630 730 1959 814 conjicere
2021 729 2226 794 velim
2293 730 2688 819 Philippum
2751 732 2904 819 plus

567 837 923 902 indulsisse
987 836 1369 902 Paeonibus
1435 858 1637 921 quam
1706 838 1942 902 ceteris
2010 837 2326 923 gentibus
2395 838 2479 903 ab
2542 860 2620 902 eo
2685 839 2901 922 victiS,

568 943 855 1009 fortasse
922 945 1050 1009 hac
1097 943 1238 1009 sola
1306 966 1381 1008 re
1426 966 1582 1009 eum
1648 952 2045 1010 contentum
2113 942 2338 1028 fuisse,
2404 945 2580 1031 quod
2632 944 2904 1010 foedere

568 1073 782 1136 aequo
833 1052 998 1116 inito
1043 1052 1502 1138 principatum
1548 1074 1745 1116 suum
1792 1058 2234 1137 agnoscerent
2260 1050 2329 1134 1).

658 1158 971 1223 Ceterum
1041 1159 1112 1223 in
1176 1160 1493 1224 universo
1554 1164 1771 1223 status
1853 1159 2191 1224 Paeoniae
2256 1159 2442 1224 haud
2512 1159 2902 1225 dissimilem

569 1288 712 1330 sese
756 1266 920 1329 mihi
968 1265 1167 1330 offert
1235 1266 1604 1330 conditioni
1668 1288 1901 1330 earum
1967 1267 2294 1350 gentium,
2362 1288 2537 1351 quae
2579 1273 2817 1353 postea
2863 1289 2903 1330 a

565 1373 893 1437 Romanis
940 1372 1363 1438 vocabantur
1415 1374 1765 1458 „civitates
1812 1371 2206 1438 foederatae
2250 1378 2318 1436 et
2363 1372 2657 1437 liberae”
2685 1373 2751 1449 2).

654 1477 863 1544 Varia
924 1479 1105 1544 bella
1168 1502 1207 1544 a
1272 1477 1592 1566 Philippo
1649 1486 1843 1564 gesta
1911 1485 2070 1544 sunt
2135 1501 2291 1544 cum
2355 1479 2661 1544 barbaris
2710 1481 2822 1564 qui
2863 1502 2903 1544 a

568 1584 1042 1672 Septentrione
1102 1585 1441 1650 Paeoniae
1515 1586 1706 1650 sedes
1788 1586 2151 1651 habebant.
2265 1584 2496 1651 Prima
2563 1586 2903 1673 expeditio

565 1699 800 1758 contra
857 1715 966 1758 eos
1020 1692 1167 1778 jam
1213 1715 1390 1758 anno
1439 1693 1569 1757 356
1609 1715 1649 1757 a
1697 1693 2144 1758 Parmenione
2190 1691 2375 1758 facta
2423 1699 2541 1776 est,
2582 1693 2701 1779 qui
2739 1699 2903 1757 tunc

565 1787 918 1865 Dardanos
962 1799 1357 1887 profligavit
1381 1798 1461 1887 3).
1551 1799 1792 1865 Altera
1860 1800 2203 1888 expeditio
2264 1802 2458 1866 nobis
2503 1820 2901 1866 commemo-

562 1913 714 1972 rata
762 1914 866 1972 est
911 1907 998 1972 ad
1041 1929 1294 1972 annum
1340 1908 1489 1972 345.
1538 1907 1687 1972 Hoc
1735 1929 1912 1973 anno
1960 1909 2144 1972 enim
2166 1907 2521 1995 Philippus
2546 1929 2901 1994 aggressus

566 2020 668 2078 est
710 2016 1008 2102 primum
1059 2012 1328 2100 Illyrios
1371 2021 1440 2079 et
1461 2015 1820 2079 Dardanos
1843 2013 1912 2097 4),
1936 2021 2085 2079 tum
2108 2013 2461 2098 Triballos‚
2492 2035 2656 2100 quos
2680 2015 2903 2100 coegit

565 2143 790 2191 secum
838 2123 1224 2187 societatem
1273 2123 1442 2187 inire
1469 2126 1540 2202 5).
1588 2121 1951 2208 Expeditio
1998 2129 2235 2187 contra
2281 2122 2564 2187 Orbelos
2608 2127 2902 2186 aetatem

563 2229 724 2293 tulit
767 2230 1061 2315 quidem,
1104 2236 1335 2294 tamen
1383 2228 1555 2294 nihil
1601 2229 1686 2293 de
1732 2228 1859 2293 hac
1905 2252 1979 2293 re
2024 2235 2446 2316 compertum
2470 2229 2797 2293 habemus
2825 2227 2899 2314 6).

654 2335 791 2400 Sed
859 2337 1136 2400 maximi
1203 2336 1525 2401 momenti
1593 2334 1729 2400 fuit
1800 2357 2015 2400 annus
2096 2336 2250 2419 339,
2320 2357 2476 2400 cum
2542 2334 2901 2422 Philippus

563 2449 924 2530 postquam
991 2441 1245 2508 frustra
1313 2444 1743 2530 oppugnavit
1810 2444 2238 2528 Byzantium,
2308 2449 2544 2508 contra
2611 2442 2901 2528 Scythas

564 2553 680 2637 qui
748 2551 937 2615 sedes
997 2550 1346 2615 habebant
1413 2551 1498 2615 ad
1570 2552 1787 2637 ripam
1852 2550 2159 2619 dextram
2220 2551 2518 2615 Danuvii
2582 2549 2899 2632 fluminis,

562 2657 858 2724 Pontum
919 2681 1174 2739 versus,
1216 2659 1289 2723 in
1326 2657 1730 2746 paeninsula
1777 2680 1951 2744 quae
1998 2656 2200 2724 hodie
2235 2657 2670 2724 Dobrutscha·
2704 2679 2903 2725 voca-

562 2771 694 2847 tur,
743 2764 1086 2853 profectus
1134 2773 1235 2831 est
1260 2766 1334 2848 ⁷).

653 2873 794 2937 Nec
840 2880 1070 2938 tamen
1108 2879 1344 2938 contra
1386 2873 1535 2938 illos
1576 2874 1943 2959 quicquam
1989 2872 2175 2937 aliud
2210 2871 2520 2960 profecit,
2566 2873 2697 2937 nisi
2720 2873 2901 2958 quod

564 3001 674 3044 eos
720 2980 847 3044 hac
892 2981 1338 3066 castigatione
1381 2979 1746 3045 absterruit
1791 2979 1876 3043 ab
1924 2979 2385 3045 invasionibus
2430 2981 2503 3044 in
2525 2979 2899 3044 Thraciam.

559 3087 712 3151 Rex
750 3094 977 3152 autem
1027 3087 1435 3173 Scytharum
1481 3088 1689 3153 Ateas
1735 3088 2231 3173 nonagenarius
2270 3087 2412 3151 acie
2450 3108 2682 3151 caesus
2709 3091 2810 3151 est
2831 3083 2901 3167 8).

654 3194 789 3260 Sed
835 3216 991 3259 cum
1038 3195 1317 3259 domum
1358 3195 1613 3260 rediret
1656 3194 2014 3282 Philippus
2059 3216 2183 3281 per
2231 3215 2424 3279 agros
2450 3192 2904 3258 Triballorum

615 3417 665 3484 1)
703 3417 854 3472 Orat.
912 3419 1023 3471 Att.
1084 3419 1137 3471 II
1191 3434 1243 3486 p.
1284 3416 1388 3470 526
1428 3418 1524 3470 ubi
1561 3417 1763 3470 dicitur
1801 3417 1870 3470 de
1907 3417 2189 3486 Philippo:
2239 3415 2493 3477 Ἰλλυριοὺς
2528 3413 2907 3476 κατεστρέψατο

561 3506 645 3559 καὶ
680 3508 979 3569 Τριβαλλοὺς
1015 3505 1100 3555 καῖ
1134 3508 1350 3555 Παιόνων
1385 3503 1659 3567 ἐκράτησεν,
1696 3507 1791 3574 qui
1825 3506 1983 3560 locus
2023 3522 2155 3559 sane
2173 3505 2381 3558 indicat
2401 3505 2646 3558 Paeones
2666 3504 2904 3557 clemen-

560 3597 672 3649 tius
728 3612 761 3648 a
814 3595 1066 3663 Philippo
1123 3584 1394 3648 tractatos
1451 3612 1583 3648 esse.
1645 3611 1813 3662 quam
1864 3593 2111 3662 reliquae
2149 3596 2345 3663 gentes
2384 3592 2798 3661 SeptentrioniS.
2837 3592 2906 3646 cf.

564 3684 745 3739 Schol.
786 3686 940 3738 Dem.
974 3684 1056 3737 15.
1096 3685 1180 3737 27.

621 3771 671 3837 2)
707 3772 951 3827 Willems
986 3790 1039 3842 p.
1078 3773 1198 3826 360.

612 3860 661 3927 3)
698 3861 844 3915 Plut.
885 3863 966 3915 Al.
1010 3862 1059 3915 3.
1099 3862 1287 3916 Justin
1325 3863 1407 3915 12.
1448 3863 1530 3917 16.
1570 3864 1624 3916 6.
1665 3863 1736 3916 cf.
1774 3879 1945 3931 supra
1980 3879 2033 3931 p.
2069 3861 2120 3915 8.

611 3949 657 4017 4)
695 3950 879 4005 Justin
920 3950 970 4003 8.
1010 3952 1058 4005 6.
1099 3951 1148 4004 2.
1185 3951 1343 4005 Diod.
1384 3952 1466 4004 16.
1504 3952 1588 4005 69.
1630 3952 1678 4005 7.
1720 3951 1784 4005 cf.
1830 3968 1999 4020 supra
2034 3969 2087 4021 p.
2126 3950 2176 4003 8.

609 4038 660 4106 5)
703 4039 994 4109 Syncellus
1030 4058 1083 4110 p.
1122 4040 1239 4094 265.
1279 4041 1478 4094 Miiller
1513 4041 1572 4094 F.
1610 4041 1674 4094 Η.
1715 4041 1775 4095 G.
1816 4041 1901 4094 III
1937 4039 2057 4094 691.
2108 4040 2332 4103 μεγάλην
2369 4039 2671 4100 κτησάμενος
2707 4036 2910 4100 δύναμιν

558 4127 644 4177 καὶ
679 4131 982 4191 Τριβαλλοὺς
1017 4127 1278 4190 ὑποτάξας.
1316 4131 1597 4184 Demosth.
1638 4130 1757 4183 240.
1797 4129 1880 4183 20.

613 4217 659 4284 6)
699 4219 959 4288 Polyaen.
999 4221 1049 4273 4.
1090 4220 1137 4272 2.
1180 4221 1264 4273 16.

611 4307 657 4369 ’7)
697 4307 900 4362 Strabo
956 4308 1075 4362 318.
1133 4307 1220 4357 καὶ
1275 4310 1344 4357 τὰ
1394 4309 1480 4366 ἕλη
1517 4311 1587 4357 τὰ
1640 4311 1731 4364 τῆς
1782 4312 1955 4369 μικρᾶς
2010 4305 2306 4369 καλουμένης
2353 4306 2565 4363 Σκυθίας
2633 4309 2723 4363 τῆς
2773 4302 2912 4363 ἔντος

558 4402 768 4457 νΙστρου.
806 4397 963 4451 Diod.
1006 4398 1086 4451 16.
1129 4398 1177 4451 1.
1217 4398 1266 4451 5.
1304 4398 1558 4452 Aeschin.
1599 4396 1841 4467 Ctesiph.
1883 4397 2000 4450 128.

610 4483 658 4554 8)
694 4483 903 4539 Lucian
939 4487 1179 4541 Mam-ob.
1225 4488 1304 4541 10.
1348 4487 1608 4541 Schaefer
1655 4487 1705 4539 2.
1744 4485 1863 4540 521.
