3338 5350
1663 507 1792 571 190

1619 808 1814 877 XIV.

644 1004 926 1070 Numeri
995 1026 1171 1069 anno
1238 1005 1367 1069 241
1459 1003 1719 1068 Romae
1800 1005 2028 1069 censui
2118 1006 2465 1070 constituti
2548 1004 2635 1068 ad
2704 1026 2880 1069 asses

557 1145 828 1213 librales
876 1154 1201 1236 spectant.

1638 1344 1794 1413 XV.

642 1541 804 1605 Dies
876 1564 915 1606 a
980 1540 1553 1627 Polysperchonte
1621 1542 1695 1604 in
1753 1539 1976 1605 edicto
2046 1541 2130 1605 de
2199 1540 2524 1606 Graeciae
2567 1540 2879 1606 libertate

554 1683 935 1766 constituta,
1006 1705 1142 1769 qua
1212 1683 1439 1748 exules
1511 1683 1988 1771 reciperentur,
2062 1682 2168 1761 πρὸ
2237 1688 2346 1755 τῆς
2408 1680 2733 1762 τριακάδος
2777 1685 2880 1745 τοῦ

554 1822 846 1904 ξανθικοῦ
918 1825 1103 1902 μηνός
1173 1825 1396 1908 (Diod.
1466 1825 1569 1891 18.
1616 1827 1724 1890 56.
1775 1826 1862 1913 6),
1931 1824 2289 1890 referenda
2358 1830 2458 1889 est
2520 1825 2606 1889 ad
2674 1823 2883 1890 finem

555 1968 801 2031 mensis
869 1968 1098 2031 Martii
1178 1988 1317 2032 non
1386 1968 1549 2031 anni
1615 1969 1765 2050 319,
1856 1973 1931 2033 ut
2012 1967 2214 2033 hodie
2298 1966 2677 2054 perhibent,
2763 1968 2880 2031 sed

558 2109 719 2173 anni
763 2109 915 2173 318.

1624 2279 1818 2347 XVI.

641 2476 951 2563 Droysen
1021 2479 1135 2563 qui
1204 2484 1385 2543 recte
1451 2500 1760 2564 pugnam
1845 2478 2028 2565 apud
2095 2476 2548 2564 Lampsacum
2618 2483 2879 2559 gestam

554 2616 905 2705 (Polyaen.
932 2620 993 2683 4.
1027 2620 1127 2686 12.
1159 2620 1218 2703 1)
1268 2642 1446 2686 anno
1469 2621 1598 2685 302
1644 2619 1886 2685 tribuit
1907 2641 2045 2684 non
2068 2625 2248 2685 recte
2268 2625 2496 2684 tamen
2523 2619 2604 2699 (2.
2631 2619 2693 2683 2.
2719 2619 2878 2702 212)

557 2761 1037 2846 Lysimachum
1102 2768 1453 2848 tamquam
1535 2764 1775 2828 ducem
1858 2762 2163 2827 Thracici
2249 2762 2576 2827 exercitus
2658 2763 2731 2826 in
2800 2783 2880 2825 ea

555 2924 790 2990 pugna
833 2911 1329 2969 commemorat.

1603 3136 1831 3202 XVII.

641 3331 902 3418 Injuria
946 3357 1012 3399 v.
1062 3333 1124 3397 d.
1171 3330 1344 3396 Ihne
1391 3333 1449 3397 7.
1500 3333 1586 3397 36
1633 3330 1991 3398 Caesarem
2029 3332 2176 3417 jam
2221 3334 2448 3399 statim
2493 3341 2645 3421 post
2668 3334 2880 3422 Apol-

553 3476 803 3541 loniam
871 3482 1141 3563 captam
1208 3475 1428 3541 hieme
1499 3476 1660 3541 anni
1706 3476 1794 3541 48
1863 3477 1950 3541 ad
1996 3476 2446 3562 Dyrrachium
2492 3478 2881 3565 pervenisse

554 3620 808 3684 statuit.

1584 3787 1846 3855 XVIII.

640 3930 1004 4019 Pompejus
1050 3953 1226 3997 anno
1274 3932 1357 3996 77
1404 3952 1558 3996 cum
1603 3881 1901 3997 exercitu
1936 3932 2067 3996 iter
2110 3954 2233 4020 per
2254 3930 2464 4019 Alpes
2486 3933 2559 3996 in
2583 3932 2878 3997 Galliam

555 4074 715 4139 fecit
785 4075 977 4158 (Ihne
1022 4076 1084 4139 6.
1132 4075 1244 4156 23)
1311 4076 1491 4160 quod
1563 4076 1890 4141 seditione
1957 4076 2258 4161 gentium
2331 4076 2415 4140 ad
2457 4097 2643 4139 mare
2689 4075 2878 4140 sedes

554 4216 949 4282 habentium
993 4217 1125 4281 iter
1169 4218 1254 4283 ab
1300 4216 1426 4281 hac
1462 4222 1658 4303 parte
1696 4217 2100 4304 impeditum
2146 4223 2310 4282 erat.
