3338 5350
1587 462 1717 524 104

480 656 588 721 καὶ
653 661 749 720 νῦν
811 654 1000 719 οἴεται
1061 656 1181 720 δεῖν
1245 656 1395 735 ὑπὲρ
1450 665 1562 731 τῆς
1607 665 1800 730 κοινῆς
1844 662 1961 721 τῶν
2009 658 2319 731 Ἑλλήνων
2368 658 2666 739 σωτηρίας
2710 657 2816 721 καὶ

479 764 727 841 σώμασι
776 764 884 828 καὶ
936 764 1217 844 χρήμασι
1265 765 1373 828 καὶ
1422 765 1597 829 ναυσὶ
1645 763 2113 845 προκινδυνεύειν
2155 765 2227 848 ¹).

567 873 662 937 Et
727 871 893 936 dum
957 871 1169 958 legati
1239 872 1343 937 illi
1409 874 1638 939 varias
1706 871 1905 937 urbes
1975 873 2251 955 adeunt,
2343 872 2600 938 bellum
2674 872 2822 959 jam

478 978 747 1045 exarsit.
841 977 1050 1065 Cujus
1096 979 1258 1045 belli
1300 980 1585 1046 historia
1644 1001 1725 1045 eo
1792 980 1997 1046 modo
2058 980 2133 1044 in
2178 1001 2393 1044 unum
2437 980 2624 1045 cadit
2666 1002 2821 1044 cum

477 1086 761 1151 historia
824 1088 1160 1152 societatis
1231 1108 1439 1173 quam
1506 1086 1751 1153 Graeci
1818 1094 1985 1152 tunc
2044 1087 2362 1165 inierunt,
2422 1093 2501 1152 ut
2547 1089 2821 1152 omnino

479 1192 778 1279 disjungi
822 1215 962 1258 non
1003 1195 1284 1281 possint,
1332 1194 1612 1261 historia
1662 1194 1867 1280 hujus
1911 1194 2076 1260 belli
2099 1194 2339 1260 eodem
2380 1201 2686 1284 tempore
2731 1196 2821 1260 sit

475 1299 754 1366 historia
798 1302 1134 1366 societatis
1182 1300 1597 1367 Hellenicae.

565 1408 651 1472 In
696 1408 864 1473 duas
931 1414 1160 1496 partes
1231 1415 1461 1474 autem
1527 1415 1819 1497 utraque
1863 1409 2238 1474 dividenda
2281 1416 2405 1493 est,
2465 1431 2642 1497 quae
2685 1409 2822 1474 dis·

473 1515 926 1581 terminantur
992 1522 1211 1581 morte
1275 1515 1676 1581 Leosthenis
1744 1522 1814 1581 et
1874 1516 2225 1582 obsidione
2286 1517 2570 1581 Lamiae
2613 1516 2818 1581 urbis.

473 1621 656 1687 Nam
712 1643 928 1709 usque
971 1623 1061 1687 ad
1103 1622 1275 1687 illud
1321 1629 1648 1712 punctum
1691 1623 2038 1711 temporie,
2084 1622 2286 1689 simul
2328 1644 2486 1688 cum
2528 1622 2731 1687 rebus
2779 1645 2821 1687 a

472 1729 855 1796 Leosthene
895 1751 1216 1818 prospere
1259 1731 1486 1816 gestis,
1533 1729 1745 1794 etiam
1791 1730 2074 1795 societas
2135 1751 2433 1794 crescere
2477 1729 2818 1816 perrexit3

470 1842 628 1926 post
669 1836 873 1923 hujus
916 1848 1205 1903 mortem
1250 1842 1498 1920 autem,
1546 1858 1703 1902 cum
1746 1859 1852 1902 res
1898 1838 2225 1902 adversae
2253 1835 2515 1920 fierent,
2562 1835 2820 1902 bellum

471 1944 664 2032 quasi
709 1945 1270 2030 exstingueretur,
1319 1944 1558 2010 eodem
1601 1949 1910 2031 tempore
1955 1945 2237 2009 societas
2277 1964 2546 2031 quoque
2570 1944 2818 2008 sensim

470 2051 967 2140 paullatimque
1013 2051 1277 2140 dilapsa
1320 2057 1442 2116 est.

557 2158 975 2224 Leosthenes
1020 2158 1276 2225 bellum
1324 2159 1622 2246 suscepit
1663 2157 2152 2245 proficiscendo
2222 2160 2295 2222 in
2337 2157 2617 2224 Aetolos
2661 2178 2819 2221 cum

467 2266 797 2331 militibus
842 2267 979 2332 suis
1019 2287 1265 2354 eosque
1312 2268 1524 2332 socios
1563 2265 1691 2332 sibi
1739 2266 2046 2332 adscivit.
2134 2265 2311 2330 Tum
2355 2265 2445 2329 ad
2491 2263 2815 2330 Thermo-

469 2362 668 2461 pylas
712 2372 1080 2462 profectus,
1149 2373 1277 2438 sibi
1347 2373 1669 2461 deinceps
1731 2371 2042 2459 adjunxit
2085 2378 2357 2437 tantm
2401 2392 2537 2436 non
2585 2392 2818 2437 omnes

470 2478 672 2545 urbes
740 2480 1148 2564 Thessaliae,
1222 2481 1492 2564 Locros,
1561 2479 1967 2561 Phocenses,
2054 2500 2208 2544 eam
2271 2484 2540 2564 partem
2604 2477 2813 2543 Acar-

467 2587 716 2652 naniae
782 2610 959 2675 quae
1017 2586 1277 2654 Aetolis
1345 2587 1653 2674 subjecta
1718 2594 1884 2670 erat,
1953 2586 2295 2652 Aenianes
2364 2584 2703 2671 Alyzaeos
2749 2592 2819 2650 et

470 2694 788 2784 Dolopes,
837 2696 1115 2784 insuper
1161 2695 1606 2779 Athamanes,
1644 2695 2049 2778 LeucadiOS,
2093 2693 2422 2760 Molossos
2464 2693 2816 2780 Aryptaeo

470 2802 661 2885 duce,
703 2802 821 2889 qui
869 2807 1098 2867 autem
1140 2802 1374 2890 paullo
1418 2809 1574 2890 post
1616 2805 1692 2867 in
1725 2807 1954 2889 partes
1990 2801 2471 2867 Macedonicae
2509 2822 2582 2864 se
2625 2798 2815 2864 incli-

471 2910 685 2991 navit,
759 2910 964 2974 etiam
1026 2917 1292 2995 partem
1358 2909 1750 2997 Illyriorum
1820 2916 1887 2975 et
1953 2909 2312 2992 Thracum,
2383 2908 2500 2994 qui
2543 2906 2698 2972 odio
2743 2908 2816 2971 in

465 3016 872 3082 Macedones
918 3016 1007 3081 ad
1051 3015 1307 3081 bellum
1353 3016 1802 3082 trahebantur
1820 3017 1896 3104 2).
1987 3014 2126 3082 Sed
2170 3016 2410 3082 eodem
2454 3013 2601 3079 fere
2642 3019 2813 3078 tem-

462 3144 629 3210 pore
674 3144 820 3188 sese
861 3121 1343 3188 Macedonibus
1386 3123 1941 3211 applicaverunt:
1989 3124 2250 3207 Boeoti,
2286 3124 2718 3189 Euboeenses
2740 3121 2813 3216 3),

465 3227 794 3316 Carystiis
864 3231 1182 3317 exceptiS,
1243 3230 1508 3316 reliqua
1572 3253 1732 3318 pars
1799 3230 2226 3296 Acarnaniae
2277 3252 2454 3317 quae
2500 3231 2603 3295 sui
2640 3228 2813 3314 juris

464 3341 628 3420 erat,
676 3336 918 3402 Lamia
965 3343 1034 3402 et
1083 3337 1417 3403 Heraclea
1463 3338 1550 3403 ad
1597 3337 2108 3426 Thermopylas,
2155 3338 2430 3404 Thebae
2475 3337 2811 3402 Phthioti·

466 3443 595 3508 dae
642 3449 711 3507 et
757 3441 1046 3508 Pelinna
1070 3442 1144 3528 ⁴).
1208 3444 1342 3510 Hic
1386 3443 1529 3509 fere
1575 3452 1793 3511 status
1837 3444 1971 3511 fuit
2015 3446 2350 3511 societatis
2394 3445 2809 3527 Hellenicae,

461 3571 618 3616 cum
683 3556 839 3637 post
904 3573 1211 3638 pugnam
1280 3552 1462 3640 apud
1529 3550 1928 3618 Heracleam
1975 3553 2338 3639 Antipater
2382 3551 2662 3617 Lamiae
2706 3552 2809 3615 in-

462 3655 686 3723 clusus
736 3663 858 3722 est.

483 3763 494 3774 ’
552 3763 879 3830 Successu
942 3770 1169 3829 autem
1216 3765 1738 3831 Atheniensium
1784 3766 2124 3849 incitatae,
2160 3771 2538 3830 commotae
2580 3764 2807 3829 horta-

460 3869 755 3937 tionibus
799 3870 1181 3958 legatorum
1224 3873 1295 3936 in
1339 3872 1807 3960 Peloponneso
1855 3872 2369 3957 ambulantium,
2415 3871 2807 3960 HyperidiS,

511 4140 561 4206 1)
600 4140 761 4194 Diod.
808 4138 892 4194 18.
931 4140 1013 4193 10.

514 4238 563 4298 2>
601 4237 757 4291 Diod,
800 4237 881 4291 18.
923 4238 1003 4291 11.
1046 4238 1093 4290 1.
1130 4239 1297 4291 raus.
1335 4237 1383 4292 1.
1421 4238 1505 4290 25.
1545 4237 1595 4290 s.
1636 4236 1830 4308 nroys.
1871 4237 1920 4289 2.
1961 4237 1991 4290 1
2047 4236 2118 4290 52
2149 4254 2275 4291 ann.
2321 4239 2375 4290 2.

517 4326 566 4394 3)
604 4327 800 4399 Droys.
841 4327 890 4379 2.
933 4328 981 4380 1.
1018 4326 1088 4380 50
1124 4343 1249 4380 ann.
1290 4327 1341 4380 3.

516 4416 565 4483 4)
608 4416 869 4470 Schaefer
906 4414 1061 4469 Dem.
1102 4415 1151 4468 3.
1189 4416 1311 4469 365.
