3338 5350
1668 475 1756 542 94

547 674 748 739 nibus
792 679 1144 761 percutere
1189 681 1573 761 coeperunt,
1623 675 1806 761 quod
1852 680 2162 763 satrapae
2233 675 2354 740 sub
2399 676 2673 762 regibus
2719 677 2880 741 Per-

547 781 699 846 sicis
762 781 909 866 jam
976 787 1216 867 quarto
1285 781 1509 847 seculo
1578 787 1737 847 ante
1806 781 1879 847 O.
1926 804 1993 846 11.
2061 781 2287 848 facere
2347 781 2527 848 soliti
2589 790 2782 849 erant
2803 785 2876 869 1).

546 886 857 954 Potestas
927 895 1155 954 autem
1224 895 1646 977 satraparum
1702 889 1827 954 tali
1890 891 2091 954 modo
2139 896 2356 973 aucta,
2404 889 2537 954 fuit
2582 891 2881 977 pretium

551 1016 684 1080 quo
763 995 1119 1061 Perdiccas
1189 1017 1368 1061 anno
1435 996 1565 1061 323
1631 996 1998 1061 redemerit
2072 1002 2150 1060 ut
2229 985 2544 1085 princeps
2609 997 2881 1085 imperii

549 1109 1042 1187 agnosceretur.

639 1208 774 1274 Sed
814 1209 960 1294 jam
1003 1209 1238 1275 statim
1284 1211 1602 1297 apparuit
1644 1233 1735 1274 ne
1778 1210 1906 1275 hoc
1951 1209 2227 1297 quidem
2270 1210 2565 1297 pretium
2609 1218 2881 1279 tantum

550 1314 778 1399 fuisse,
825 1323 900 1381 ut
944 1317 1307 1405 imperium
1350 1317 1424 1381 in
1468 1339 1684 1382 unum
1728 1315 2167 1402 conjunctum
2186 1323 2466 1382 teneret.
2515 1318 2565 1385 J
2566 1341 2675 1384 am
2700 1342 2880 1386 anno

551 1423 681 1488 323
729 1425 911 1489 enim
954 1425 1124 1490 fines
1190 1424 1461 1512 imperii
1530 1423 1863 1489 deminuti
1909 1431 2084 1489 sunt.
2176 1425 2285 1490 Ex
2332 1431 2623 1510 quatuor
2668 1434 2881 1493 satra-

546 1530 677 1617 piis
723 1531 995 1614 Indicis,
1070 1542 1237 1618 quas
1304 1529 1698 1596 Alexander
1762 1530 2078 1613 instituit,
2147 1528 2437 1618 quarum
2480 1535 2702 1620 prima
2745 1534 2882 1601 fuit

547 1637 1094 1725 Paropamisadis
1141 1636 1460 1724 Oxyartis
1507 1637 1823 1725 auspiciis
1865 1637 2186 1723 subjecta,
2213 1659 2369 1704 cum
2390 1641 2560 1706 urbe
2582 1640 2879 1708 Alexan-

547 1744 697 1809 dria
743 1744 867 1810 sub
937 1744 1236 1811 Caucaso
1282 1746 1516 1822 (hodie
1562 1739 1922 1832 Gabu1)2);
1970 1746 2266 1810 secunda
2310 1747 2512 1813 India
2558 1747 2882 1837 Superior

547 1850 642 1915 cis
707 1849 979 1935 Indum,
1050 1852 1194 1917 sive
1257 1852 1457 1918 vallis
1519 1850 1858 1938 Cophenis
1902 1851 2221 1935 fluminale,
2271 1855 2379 1917 cui
2425 1855 2637 1921 Porus
2683 1879 2876 1943 prae-

547 1956 766 2023 fectus
811 1964 992 2041 erat3
1055 1958 1253 2023 tertia
1320 1958 1521 2023 India
1568 1955 1892 2046 Superior
1957 1965 2144 2024 trans
2189 1960 2441 2027 Indum
2487 1962 2758 2048 (Pendsj
2767 1962 2880 2045 ab)

550 2064 673 2129 sub
720 2063 994 2146 Taxile3
1059 2071 1303 2150 quarta
1364 2071 1592 2130 autem
1636 2065 1840 2130 India
1883 2065 2176 2132 Inferior
2221 2067 2306 2132 ab
2353 2075 2642 2154 utraque
2684 2076 2882 2156 parte

547 2170 706 2236 Indi
748 2171 1048 2236 fluminis
1095 2172 1181 2236 ad
1228 2193 1433 2256 mare,
1497 2172 1690 2258 cujus
1758 2179 1966 2261 caput
2022 2172 2157 2238 fuit
2201 2174 2494 2259 Pattala,
2540 2184 2880 2263 postremo

549 2277 695 2343 loco
764 2278 1133 2363 nominata,
1227 2279 1549 2367 adempta
1617 2286 1719 2344 est
1786 2286 2097 2367 satrapae
2164 2280 2481 2347 Peithoni
2547 2282 2880 2368 Agenoris

546 2383 709 2469 filio,
760 2384 876 2471 qui
921 2385 1124 2471 hujus
1170 2385 1317 2452 loco
1362 2387 1635 2451 Indiam
1682 2384 2115 2474 Superiorem
2160 2388 2253 2453 cis
2298 2387 2549 2454 Indum
2596 2390 2882 2477 adeptus

552 2499 672 2574 est,
719 2498 789 2557 et
830 2491 1082 2557 finibus
1127 2493 1289 2558 Pori
1330 2494 1510 2578 regis
1558 2494 1824 2575 adjecta
1870 2500 1970 2559 est
1995 2491 2082 2579 3);
2130 2495 2430 2560 dubitari
2473 2518 2613 2562 non
2657 2504 2883 2585 potest

551 2599 717 2685 quin
759 2599 872 2664 hic
915 2599 1063 2687 ipse
1129 2600 1259 2666 hac
1303 2601 1656 2688 provincia
1699 2602 1957 2689 potitus
2019 2601 2123 2687 sit,
2196 2624 2371 2690 quae
2417 2604 2478 2669 ei
2526 2626 2704 2670 anno
2749 2605 2880 2669 323

550 2728 862 2773 concessa
907 2714 1030 2792 est,
1079 2708 1633 2795 quandoquidem
1677 2731 1784 2775 res
1830 2710 2080 2774 mutari
2103 2731 2241 2776 non
2263 2713 2489 2798 potuit
2510 2712 2594 2794 4);
2642 2735 2883 2778 revera

549 2814 678 2879 hoc
743 2815 1156 2880 territorium
1225 2816 1313 2881 ab
1354 2816 1640 2904 imperio
1687 2822 2116 2902 segregatum
2162 2825 2298 2902 est3
2349 2826 2651 2885 attamen
2687 2810 2882 2886 brevi

553 2928 710 2987 ante
780 2943 1035 2986 annum
1102 2922 1233 2986 316
1300 2923 1599 3010 praetori
1665 2922 2102 2990 Macedonico
2168 2925 2496 3011 Eudemo,
2545 2928 2663 3013 qui
2708 2935 2875 2992 tam-

552 3050 760 3115 quam
829 3028 1154 3100 ἐπίσκοπος
1223 3028 1448 3095 Taxili
1520 3028 1629 3115 adj
1638 3035 1880 3095 unctus
1945 3037 2106 3114 erat,
2177 3032 2466 3120 contigit
2510 3040 2587 3098 ut
2630 3034 2883 3099 Porum

551 3134 963 3202 interficeret
983 3135 1052 3217 5).

640 3242 778 3307 Res
822 3244 1008 3309 haud
1077 3243 1420 3309 dissimilis
1490 3266 1668 3309 anno
1714 3245 1844 3310 323
1912 3245 1987 3309 in
2030 3252 2226 3334 parte
2273 3249 2572 3335 quadam
2613 3248 2884 3315 Mediae

554 3349 817 3416 accidit.
909 3349 1300 3416 Alexander
1366 3351 1708 3439 Atropati‚
1775 3350 2140 3418 Perdiccae
2208 3375 2435 3420 socero
2493 3355 2670 3420 hanc
2726 3375 2881 3443 pro-

552 3457 851 3524 vinciam
919 3458 1377 3543 commiserat3
1446 3480 1629 3524 nunc
1697 3464 1925 3523 autem
1994 3481 2172 3525 anno
2237 3460 2369 3525 323
2430 3461 2674 3526 Peitho
2721 3460 2881 3527 Ora-

549 3570 751 3629 tenae
796 3563 975 3629 filius
1019 3564 1162 3629 illic
1229 3571 1530 3653 satrapes
1576 3572 1699 3650 est,
1766 3564 2131 3653 Atropates
2200 3573 2432 3633 tamen
2477 3568 2883 3653 magistratu

554 3691 693 3735 non
738 3669 1039 3756 dejectus
1086 3678 1206 3755 est,
1277 3673 1397 3750 sed
1446 3672 1507 3737 ei
1575 3673 2019 3738 committitur
2065 3695 2146 3738 ea
2187 3696 2346 3761 pars
2390 3673 2661 3740 Mediae
2706 3696 2882 3761 quae

607 3874 657 3943 1)
693 3875 887 3947 Droys.
927 3877 977 3931 2.
1017 3878 1065 3931 1.
1104 3877 1173 3930 22
1215 3881 1270 3932 et
1306 3877 1392 3932 91.

606 3965 656 4034 2)
691 3965 751 4020 F.
805 3983 914 4020 von
972 3966 1243 4036 Schwarz,
1315 3966 1625 4022 Alexander
1681 3966 1778 4021 des
1835 3966 2074 4022 Grossen
2126 3968 2403 4036 Feldzfige
2456 3970 2513 4024 in
2553 3971 2881 4024 Turkestan.

552 4054 827 4109 Mfinchen
864 4055 1002 4109 1893
1035 4074 1089 4126 p.
1129 4056 1249 4110 102.

607 4143 657 4211 3)
693 4144 811 4198 Arr.
854 4146 880 4210 5
917 4144 952 4198 5
989 4143 1133 4199 01:36
1170 4146 1237 4199 cf.
1273 4143 1505 4216 Dexipp.
1543 4146 1607 4199 fr.
1631 4146 1680 4199 1.
1712 4145 1910 4200 MfiUer
1926 4146 1984 4199 F.
2006 4146 2069 4201 H.
2093 4147 2282 4216 G.3p.
2305 4147 2425 4202 668.
2464 4148 2622 4204 Diod.
2645 4147 2726 4203 18.
2747 4148 2885 4219 3.4;

558 4232 641 4287 18.
678 4234 728 4287 6.
767 4233 827 4298 23
868 4233 952 4288 18.
990 4234 1078 4288 39.
1113 4236 1165 4287 6.

608 4320 658 4388 4)
696 4323 761 4377 cf.
801 4323 1153 4379 Gutschmidt
1188 4325 1262 4378 l.l.
1299 4343 1351 4395 p.
1393 4325 1477 4379 21.
1519 4342 1642 4379 ann.
1683 4324 1733 4379 3.

608 4410 655 4485 5)
693 4410 849 4465 Diod.
893 4412 975 4465 19.
1014 4413 1096 4467 14.
1134 4411 1185 4466 8.
