3338 5350
1565 538 1649 602 75

409 733 634 798 missa
671 738 832 797 sunt
858 731 930 814 1),
977 730 1135 796 huic
1179 731 1310 818 ipsi
1355 731 1672 796 thesauro
1724 736 1980 796 aestate
2024 733 2181 797 anni
2231 732 2365 797 330
2409 733 2768 798 Parmenio

410 845 653 905 custos
700 838 1125 925 praepositus
1172 844 1291 920 est,
1342 838 1458 923 qui
1499 839 1736 903 eodem
1777 844 2081 925 tempore
2119 837 2496 926 Atropatae
2537 839 2769 907 Medo·

411 968 581 1012 rum
630 951 943 1032 satrapae
1003 942 1214 1024 ἄρχων
1260 945 1402 1010 sive
1449 943 1781 1016 ἐπίσκοπος
1851 944 2210 1030 adjunctus
2263 952 2412 1011 erat
2432 947 2503 1028 2).
2595 946 2767 1011 The-

414 1075 668 1119 saurus
683 1051 1188 1116 Ecbatanorum
1212 1050 1419 1116 etiam
1454 1052 1539 1116 ad
1566 1073 1822 1116 annum
1845 1052 1975 1116 316
2001 1059 2561 1118 commemoratus
2587 1059 2688 1118 est
2701 1053 2769 1131 3).

516 1159 787 1224 Deinde
831 1158 1249 1223 nominanda
1296 1165 1488 1224 sunt:
1738 1160 1743 1165 ’

514 1296 608 1358 6⁰.
660 1291 926 1378 Cyinda
968 1292 1041 1355 in
1081 1288 1336 1356 Cilicia.
1386 1291 1776 1377 Antigonus
1825 1313 2002 1357 anno
2050 1293 2181 1357 315
2203 1293 2278 1356 in
2302 1292 2428 1357 hoc
2453 1293 2769 1359 thesauro

656 1400 888 1465 decem
926 1397 1115 1463 milia
1159 1397 1572 1464 talentorum
1611 1398 1879 1463 invenit
1900 1397 1969 1479 4).

519 1508 609 1571 70.
659 1506 897 1592 Tyrus.
958 1504 1338 1569 Thesaurus
1383 1504 1457 1569 in
1501 1503 1630 1571 hac
1678 1504 1842 1569 urbe
1889 1506 1975 1570 ad
2024 1526 2276 1571 annum
2324 1507 2450 1571 321
2500 1514 2767 1572 tantum

655 1618 1068 1677 memoratur
1088 1610 1159 1691 5).

513 1721 607 1786 8⁰.
657 1719 1035 1785 Thesaurus
1081 1717 1404 1805 Aegypti,
1462 1718 1936 1784 verosimiliter
1986 1718 2363 1785 Memnone.

513 1855 723 1920 Forte
767 1853 1045 1918 fortuna
1091 1853 1338 1918 accidit
1382 1858 1461 1917 ut
1507 1851 1607 1916 illi
1646 1851 1947 1918 thesauri
1996 1875 2036 1918 a
2068 1854 2504 1940 scriptoribus
2553 1857 2766 1920 nomi-

413 1968 710 2043 nentur;
780 1967 1082 2025 attamen
1148 1960 1290 2025 sine
1353 1959 1559 2024 dubio
1606 1958 1835 2047 plures
1883 1959 2180 2026 fuerunt.
2271 1962 2545 2026 Etenim
2601 1963 2657 2027 si
2695 1963 2767 2027 in

415 2068 713 2153 singulis
772 2067 1141 2155 provinciis
1212 2066 1566 2132 thesaurus
1634 2089 1772 2132 non
1820 2067 2074 2150 aderat,
2146 2066 2451 2155 profecto
2499 2091 2767 2134 necesse

413 2176 565 2240 fuit
633 2183 707 2239 ut
774 2175 1018 2261 cuique
1108 2173 1499 2261 provinciae
1590 2172 1966 2256 thesauruS,
2057 2172 2344 2239 fortasse
2428 2176 2771 2240 communi

414 2282 1015 2349 administratione
1075 2302 1229 2345 cum
1305 2280 1475 2364 aliis,
1524 2281 1865 2345 indicatus
1911 2285 2104 2363 esset,
2144 2280 2337 2365 isque
2382 2303 2519 2347 non
2565 2281 2765 2346 nimis

409 2389 700 2457 remotis
756 2389 935 2454 locis,
1028 2387 1358 2453 Thesauri
1408 2387 1586 2452 enim
1634 2387 1957 2452 destinati
1997 2394 2211 2470 erant,
2263 2396 2337 2452 ut
2386 2388 2770 2475 acciperent

411 2498 685 2563 tributa
742 2495 1135 2584 provinciae
1194 2496 1268 2559 in
1339 2516 1472 2580 qua
1540 2495 1652 2559 siti
1725 2502 1937 2578 erant,
2010 2502 2080 2559 et
2146 2501 2222 2559 ut
2278 2494 2568 2579 videtur,
2616 2517 2768 2583 pro-

409 2605 806 2671 vinciarum
868 2625 1135 2691 quoque
1193 2601 1657 2685 finitimarum,
1725 2602 2004 2691 insuper
2059 2601 2287 2688 fruges
2334 2602 2768 2691 praediorum

406 2712 784 2797 regiorum.
879 2709 1073 2789 Quod
1121 2717 1313 2797 patet
1351 2710 1604 2798 partim
1650 2732 1687 2775 e
1725 2711 1952 2775 verbis
1998 2731 2224 2775 rerum
2253 2712 2653 2798 scriptorum
2681 2712 2768 2795 ⁶);

407 2820 676 2909 partim
726 2841 807 2883 ex
851 2817 980 2882 hac
1020 2839 1291 2902 quoque
1337 2840 1431 2901 re,
1483 2818 1663 2904 quod
1706 2817 1946 2884 iisdem
1985 2816 2347 2904 praefectis
2385 2825 2455 2882 et
2477 2819 2768 2884 custodi-

407 2928 551 2992 bus
599 2924 961 3011 vectigalia
1005 2925 1079 2989 in
1123 2924 1491 3012 provinciis
1532 2932 1770 2990 exacta
1817 2924 2268 3012 persolvenda
2316 2934 2528 2990 erant.

510 3032 818 3121 Harpalo
877 3032 1072 3098 verbi
1141 3054 1365 3115 causa,
1456 3032 1573 3117 qui
1636 3031 1993 3118 Babylone
2061 3032 2380 3097 thesauro
2447 3033 2772 3119 praefuit,

405 3140 625 3207 simul
671 3140 996 3205 mandata
1041 3138 1175 3203 fuit
1223 3139 1529 3204 custodia
1576 3139 1898 3221 thesauri,
1939 3138 2138 3203 simul
2179 3136 2449 3216 πρόσοδοι
2473 3141 2768 3224 regionis

404 3270 586 3314 suae
634 3247 1081 3312 asservandae
1130 3246 1333 3311 datae
1381 3252 1576 3311 erant
1598 3246 1668 3330 7).

506 3356 751 3442 Neque
787 3353 1087 3419 thesauri
1133 3374 1354 3439 neque
1391 3375 1626 3418 eorum
1671 3352 2001 3441 praefecti
2035 3354 2436 3419 et‘custodes
2472 3354 2766 3419 Alexan-

400 3461 525 3527 dri
577 3460 990 3547 temporibus
1039 3459 1179 3523 ulla
1225 3460 1298 3523 in
1334 3482 1408 3525 re
1454 3482 1490 3524 e
1517 3463 1807 3547 satrapis
1842 3461 2235 3548 provinciae
2259 3460 2372 3525 ubi
2417 3462 2528 3525 siti
2554 3468 2767 3544 erant,

393 3566 837 3657 pendebant3
890 3566 1206 3655 auspiciis
1249 3567 1456 3653 regiis
1483 3567 2153 3632 administrabantur.
2203 3567 2368 3632 Post
2392 3568 2767 3633 Alexandri

466 3773 518 3839 1)
566 3773 765 3827 Strabo
806 3774 927 3827 731.
1932 3833 1945 3842 ‚

462 3864 512 3930 2)
556 3862 713 3916 Diod.
772 3864 853 3916 17.
909 3862 994 3916 80.
1047 3863 1096 3916 3.
1140 3862 1423 3917 Diodorus
1461 3861 1700 3917 eundem
1736 3879 2034 3916 numerum
2080 3863 2422 3917 talentorum
2459 3881 2523 3918 ac
2565 3864 2765 3919 Strabo

393 3952 605 4009 tradit.

462 4039 515 4106 3)
562 4039 720 4094 Diod.
762 4041 845 4094 19.
894 4041 978 4095 20.
1020 4041 1070 4094 3.

462 4128 516 4195 4)
560 4127 758 4184 Strabo
793 4130 913 4183 672.
951 4129 1106 4183 Diod.
1149 4130 1232 4183 18.
1273 4130 1356 4184 58.
1398 4131 1456 4195 1;
1497 4130 1580 4184 18.
1621 4131 1707 4183 62.
1747 4130 1810 4195 ⁸23
1855 4129 1938 4183 19.
1976 4130 2061 4183 56.
2105 4132 2167 4194 ὂ;
2213 4131 2360 4185 Plut.
2402 4133 2561 4186 Eum.
2606 4133 2686 4186 13.

458 4219 512 4285 5)
554 4218 709 4272 Diod.
750 4219 833 4273 18.
874 4219 960 4273 37.
999 4220 1048 4273 4.

458 4308 513 4375 6)
556 4307 757 4362 Strabo
808 4308 910 4361 729
945 4310 1014 4357 τὰ
1050 4304 1415 4374 γαζοφυλάκια
1451 4308 1487 4359 ἃ
1531 4307 1784 4367 τοσούτοις
1819 4311 2008 4372 χρόνοις
2043 4306 2356 4371 ἐξεπλήρωτο,
2390 4307 2457 4367 οἷς
2493 4307 2763 4372 ἐδασμολό-

389 4414 581 4464 ›yno-oev
618 4393 802 4456 Πέρσαι
844 4396 931 4453 τὴν
970 4398 1161 4446 Ἀσίαν.

460 4486 511 4553 ⁷>
561 4484 720 4538 Diod.
762 4484 844 4539 17.
885 4485 1003 4540 108.
1043 4488 1091 4541 4.
