3338 5350
1762 491 1850 555 26

634 687 753 773 qui
821 709 975 752 cum
1028 687 1115 751 dn
1180 693 1376 774 parte
1445 684 1776 751 Orientali
1853 685 2179 753 Thraciae
2251 687 2670 774 Byzantium
2741 711 2972 754 versus

637 794 835 858 rebus
867 800 1226 881 praeesset,
1266 794 1341 859 id
1403 794 1665 858 studuit
1725 799 1802 858 ut
1861 793 2286 860 Amadocum
2347 817 2575 882 regem
2623 795 2973 881 regionum

636 901 816 965 circa
873 900 1265 965 Maroneam
1309 902 1360 984 1)
1428 906 1497 964 et
1555 897 1939 987 Cetriporin
2002 902 2228 987 regnis
2289 901 2573 990 pelleret
2617 903 2688 986 2).
2771 902 2971 968 Anno

642 1013 871 1071 autem
935 1006 1066 1071 353
1137 1013 1498 1094 postquam
1558 1005 1916 1095 Philippus
1980 1007 2159 1073 bello
2205 1007 2588 1075 Thessalico
2635 1010 2718 1074 ad
2770 1008 2972 1075 Ther-

640 1112 949 1201 mopylas
986 1113 1326 1200 repulsam
1362 1113 1540 1195 tulit,
1580 1135 1703 1179 rex
1745 1114 2104 1179 comitatus
2152 1137 2192 1179 a
2237 1115 2606 1181 Pammene
2652 1116 2972 1181 Thebano

639 1221 770 1285 iter
816 1221 901 1285 ad
948 1220 1308 1286 Persarum
1331 1242 1560 1306 regem
1583 1221 1657 1286 in
1682 1221 1918 1286 Asiam
1941 1220 2255 1305 faciente,
2280 1222 2352 1287 in
2377 1223 2597 1310 ipsam
2620 1222 2972 1288 Thraciam

641 1327 1047 1415 penetravit,
1115 1325 1393 1392 Abdera
1468 1334 1536 1392 et
1595 1327 2009 1412 Maroneam,
2082 1327 2304 1394 adhuc
2350 1329 2561 1394 socias
2606 1330 2973 1394 Athenien-

641 1434 817 1499 sium
861 1434 1238 1521 occupavit,
1286 1441 1356 1500 et
1399 1434 1472 1499 in
1516 1442 1856 1522 potestate
1904 1457 2026 1501 sua
2065 1436 2348 1501 retinuit
2375 1434 2447 1519 3).

729 1541 1048 1606 Firmatis
1093 1539 1292 1606 rebus
1341 1541 1741 1608 Thessalicis
1788 1548 2155 1629 antequam
2202 1541 2457 1607 bellum
2504 1564 2659 1608 cum
2692 1542 2974 1630 Arybba

640 1649 925 1736 Epirota
986 1648 1234 1713 exarsit
1304 1652 1531 1736 (supra
1598 1672 1667 1737 p.
1722 1651 1829 1733 11)
1893 1671 2070 1715 anno
2134 1650 2262 1715 352
2309 1649 2709 1738 Philippum
2755 1650 2973 1715 denuo

640 1756 712 1834 in
759 1755 1047 1821 Thracia
1101 1755 1218 1820 ubi
1272 1777 1463 1838 reges
1523 1755 1989 1844 Cersobleptes
2037 1763 2104 1821 et
2148 1756 2532 1822 Amadocus
2581 1757 2666 1821 de
2712 1779 2973 1822 summa

639 1885 714 1928 re
797 1862 1168 1945 certabant,
1254 1868 1660 1950 occupatum
1741 1863 2126 1928 invenimus
2154 1862 2222 1946 4).
2317 1863 2678 1951 Philippus
2750 1870 2973 1928 autem

640 1968 819 2034 favit
909 1966 1257 2034 Amadoco
1283 1967 1332 2050 5)
1413 1968 1690 2035 foedere
1771 1969 2132 2055 conjuncto
2214 1991 2369 2034 cum
2435 1970 2838 2057 Byzantinis
2908 1976 2974 2035 et

639 2076 1026 2160 Perinthiis,
1099 2075 1583 2164 Oersoblepten
1651 2077 1875 2163 coegit
1935 2099 2077 2143 sese
2146 2078 2491 2143 continere
2556 2076 2739 2142 intra
2806 2075 2970 2141 fines

641 2204 813 2267 suOS,
860 2188 1070 2269 utque
1114 2182 1321 2248 fidem
1365 2189 1745 2270 praestaret
1800 2205 1953 2248 eum
1968 2182 2174 2268 jussit
2210 2183 2429 2250 filium
2453 2205 2649 2249 suum
2672 2183 2972 2249 obsidem

641 2290 912 2355 mittere
962 2291 1033 2354 in
1075 2289 1547 2355 Macedoniam
1573 2294 1645 2373 ⁶).

729 2397 775 2463 J
779 2418 1072 2461 amnunc
1115 2395 1473 2483 Philippus
1496 2397 1770 2462 videtur
1793 2398 2240 2485 composuisse
2263 2420 2368 2464 res
2395 2398 2719 2464 Thraciae
2744 2419 2970 2489 quem-

645 2503 1011 2569 admodum
1058 2501 1184 2567 sibi
1244 2501 1575 2590 placuerit
1597 2503 1664 2587 7),
1710 2503 2076 2589 Byzantini
2124 2526 2390 2591 quoque
2430 2503 2670 2571 foedus
2718 2527 2872 2570 cum
2895 2526 2971 2569 eo

643 2611 1130 2679 confirmarunt
1142 2607 1209 2691 8).
1259 2610 1686 2699 Quamquam
1729 2609 2034 2699 Philippi
2059 2612 2421 2678 auctoritas
2444 2613 2516 2677 in
2539 2610 2828 2678 Thracia
2849 2611 2973 2677 hac

642 2720 1067 2807 expeditione
1116 2720 1485 2785 admodum
1532 2720 1763 2802 crevit,
1809 2725 2041 2784 tamen
2086 2721 2431 2807 proposita
2478 2741 2599 2783 sua
2644 2719 2733 2783 ad
2770 2718 2974 2783 finem

641 2826 1008 2914 perducere
1058 2848 1191 2891 non
1234 2826 1475 2913 potuit,
1525 2845 1680 2889 cum
1725 2826 1996 2891 morbus
2043 2826 2115 2889 in
2137 2848 2340 2912 quem
2364 2825 2601 2890 incidit
2638 2847 2795 2890 eum
2830 2846 2970 2890 coe-

640 2932 819 3020 gerit
881 2934 1157 2998 domum
1204 2933 1470 2999 reverti.
1535 2932 1802 2998 Deinde
1845 2954 1984 2998 non
2026 2938 2219 3020 patet
2263 2954 2369 2997 res
2414 2931 2772 2998 Thracicas
2820 2938 2974 2997 ante

645 3041 773 3105 347
842 3045 1138 3104 mutatas
1207 3061 1368 3105 esse.
1444 3038 1580 3104 Sed
1646 3039 1776 3103 hoc
1845 3059 2021 3104 anno
2090 3038 2574 3126 Oersobleptes,
2639 3040 2753 3125 qui
2799 3036 2973 3102 bello

643 3145 1049 3233 Olynthiaco
1095 3168 1220 3234 per
1267 3144 1545 3211 affinem
1592 3168 1790 3210 suum
1834 3142 2313 3211 Charidemum
2358 3144 2741 3210 interfuisse
2788 3145 2974 3210 vide-

643 3260 755 3318 tur
775 3254 823 3337 9)
872 3275 1024 3319 eam
1068 3253 1153 3317 ob
1201 3274 1473 3319 causam
1520 3253 1605 3318 ab
1649 3251 2015 3340 Antipatro
2063 3251 2362 3339 Philippi
2407 3251 2752 3340 praefecto
2799 3250 2972 3316 bello

643 3360 988 3426 lacessitus
1035 3364 1137 3424 est
1151 3357 1248 3444 1⁰).

694 3540 740 3607 1)
776 3541 1059 3595 Demosth.
1097 3540 1216 3595 681.
1255 3542 1340 3595 27.

693 3632 744 3696 2)
783 3630 1064 3685 Demosth.
1102 3631 1223 3684 623.
1263 3630 1331 3684 18
1372 3648 1489 3699 sqq.

695 3718 744 3786 3)
780 3718 937 3773 Diod.
978 3720 1059 3773 16.
1098 3719 1183 3772 34.
1221 3720 1500 3775 Demosth.
1538 3718 1660 3773 681.
1700 3719 1784 3771 26.
1825 3718 1894 3771 cf.
1932 3717 2144 3772 Schaef.
2185 3717 2234 3771 1.
2273 3717 2382 3771 440
2418 3734 2537 3786 sqq.

693 3807 744 3873 4)
780 3809 1063 3864 Demosth.
1107 3809 1191 3862 12.
1234 3808 1318 3862 28.

688 3897 737 3961 5)
777 3898 1123 3967 Theopomp.
1159 3899 1234 3952 XI
1270 3899 1334 3952 fr.
1377 3898 1495 3952 109.
1532 3896 1946 3966 Harpocration
1980 3896 2016 3949 i.
2055 3914 2105 3950 v.
2145 3893 2435 3956 Ἀμαδόκος,

687 3986 736 4049 6)
774 3987 1067 4041 Aeschines
1116 3988 1340 4057 Parapr.
1377 3987 1462 4041 81.
1498 3989 1554 4041 et
1590 3985 1760 4040 schol.
1801 3986 1873 4039 ad
1907 3985 2056 4039 hunc
2094 3985 2297 4040 locum.

697 4076 743 4144 7)
780 4077 948 4130 Isocr.
1022 4076 1160 4130 Phil.
1235 4077 1319 4130 21.
1376 4093 1428 4145 p.
1484 4074 1569 4139 86,
1626 4073 1821 4131 ἁπάσης
1890 4079 1979 4131 τῆς
2045 4072 2232 4142 Θρᾴκης
2287 4073 2364 4131 οὓς
2420 4072 2674 4137 ἐβουλήθη
2731 4073 2969 4129 δεσπότας

644 4165 961 4224 κατέστησεν.

693 4254 740 4325 8)
786 4254 1037 4308 Aeschin.
1074 4254 1244 4310 schol.
1281 4255 1357 4309 1.1.
1398 4253 1683 4308 Demosth.
1721 4252 1839 4306 120.
1879 4253 1939 4317 4;
1979 4252 2098 4306 254.
2137 4253 2233 4322 24;
2270 4254 2390 4308 257.
2432 4254 2515 4308 10.

692 4344 742 4412 9)
781 4343 1042 4398 Schaefer
1078 4344 1128 4397 2.
1169 4342 1286 4396 178.

667 4433 744 4501 1⁰)
779 4433 853 4487 l.l.
898 4449 1022 4487 ann.
1062 4432 1111 4486 2.
