3338 5350
1658 455 1786 544 136

553 672 840 735 magnus
885 671 1208 714 numerus
1254 670 1570 734 agrorum
1615 647 2084 716 Cassandrinis
2134 650 2332 714 datus
2375 655 2493 733 est,
2540 671 2694 715 cum
2740 651 2889 738 ipse

556 757 933 823 Cassander
1005 763 1233 821 autem
1300 777 1574 843 operam
1637 757 1841 822 daret
1906 764 1983 821 ut
2040 754 2201 820 urbs
2283 761 2628 838 cresceret,
2697 755 2890 822 brevi

552 870 856 950 tempore
925 862 1025 944 ita
1092 861 1508 950 amplificata
1576 868 1696 945 est,
1769 868 1844 927 ut
1912 883 2144 927 omnes
2204 861 2406 928 urbes
2450 863 2890 930 Macedoniae

555 974 894 1056 potestate
939 968 1225 1034 anteiret
1253 967 1325 1052 1).
1417 969 1509 1032 Et
1553 968 1839 1062 perinde
1885 991 1962 1035 ac
2007 968 2523 1035 Thessalonicae
2570 971 2774 1035 etiam
2818 973 2893 1035 in

555 1075 1045 1164 Cassandream
1089 1075 1238 1142 loca
1281 1074 1573 1141 finitima
1616 1082 1965 1141 contracta
2010 1081 2185 1141 sunt.
2245 1075 2358 1141 Sic
2403 1075 2651 1141 Mende
2676 1077 2750 1162 2),
2796 1077 2894 1164 sic

556 1184 911 1249 universus
958 1204 1120 1270 ager
1163 1181 1585 1248 Pallenensis
1614 1182 1686 1266 3).

646 1289 1067 1356 Cassandrea
1135 1290 1327 1356 sedes
1395 1288 1606 1355 fuisse
1674 1289 1952 1356 videtur
2017 1289 2381 1355 viduarum
2426 1290 2765 1376 regiarum
2816 1291 2892 1374 4).

555 1398 603 1464 J
605 1398 866 1463 ustinus
941 1397 1045 1462 16.
1091 1399 1156 1463 2.
1217 1398 1263 1462 4
1328 1397 1742 1484 Eurydicen,
1809 1396 2203 1483 Lysimachi
2268 1395 2481 1461 filiam
2546 1396 2897 1484 Antipatri

558 1504 919 1571 Cassandri
962 1504 1087 1571 filii
1132 1525 1431 1588 uxorem,
1478 1502 1620 1569 illic
1664 1503 1883 1569 vitam
1929 1509 2245 1589 agentem
2267 1509 2615 1569 memorat.
2663 1503 2898 1569 Etiam

556 1610 841 1676 Arsinoe
887 1608 1029 1676 filia
1073 1610 1445 1677 Ptolemaei
1493 1610 1767 1693 Soteris,
1814 1610 2244 1676 matrimonio
2290 1632 2444 1675 cum
2487 1610 2896 1696 Lysimacho

556 1716 937 1801 conjuncta,
1006 1725 1163 1806 po‘st
1227 1717 1430 1804 hujus
1498 1723 1786 1784 mortem
1855 1716 2313 1783 Cassandreae
2381 1716 2572 1783 sedes
2633 1717 2895 1802 habuit,

558 1823 774 1890 donec
840 1824 1000 1889 urbs
1072 1848 1116 1890 a
1182 1823 1573 1892 Ptolemaeo
1635 1824 1943 1890 Cerauno
2013 1831 2216 1911 capta
2262 1830 2363 1889 est
2389 1824 2465 1909 5).
2555 1824 2898 1910 Eurydice

561 1938 789 1996 autem
874 1929 1343 1997 Cassandrinis
1422 1932 1887 1998 autonomiam
1954 1932 2145 1997 dedit
2170 1930 2241 2015 ⁶),
2351 1953 2528 2018 quae
2591 1931 2900 2019 profecto

557 2044 796 2125 postea
842 2038 928 2103 ab
973 2037 1392 2125 Apollodoro
1438 2038 1709 2104 sublata
1754 2045 1874 2104 est.

646 2145 886 2232 Neque
955 2144 1084 2211 hoc
1149 2145 1297 2211 loco
1357 2144 1773 2232 negligenda
1833 2151 1935 2211 est
1981 2144 2385 2233 Uranopolis
2433 2147 2504 2210 in
2550 2145 2903 2211 cacumine

557 2250 768 2317 Athoi
853 2252 1100 2317 montis
1182 2252 1457 2319 condita
1542 2276 1583 2319 a
1663 2252 2021 2319 Cassandri
2108 2253 2321 2319 fratre
2402 2252 2782 2319 Alexarcho
2825 2253 2900 2336 ⁷),

560 2358 665 2445 cuj
674 2382 752 2424 us
816 2359 999 2425 urbis
1060 2359 1384 2426 memoria
1445 2362 1651 2427 etiam
1719 2382 1842 2449 per
1908 2382 2219 2427 nummos
2289 2366 2583 2427 aetatem
2640 2360 2800 2425 tulit
2827 2360 2902 2444 ⁸).

1247 2816 1282 2893 ξ
1329 2811 1394 2879 2.
1467 2810 1553 2879 De
1599 2808 1836 2879 Thebis
1881 2809 2219 2879 restitutis.

650 3010 896 3074 Eidem
962 3009 1118 3075 odio
1186 3009 1258 3072 in
1323 3006 1792 3072 Alexandrum
1875 3005 2321 3072 adscribenda
2394 3013 2498 3072 est
2564 3007 2906 3073 restitutio

564 3116 971 3199 Thebarum,
1019 3138 1195 3201 quae
1244 3115 1400 3180 urbs
1446 3114 1640 3179 initio
1709 3114 1905 3199 regni
1951 3113 2055 3179 sui
2101 3136 2141 3180 a
2187 3111 2564 3180 Cassandro
2609 3114 2682 3178 in
2727 3113 2905 3180 inte-

562 3246 762 3310 grum
820 3223 1139 3289 restituta
1208 3230 1328 3287 est.
1421 3220 1593 3288 Cum
1661 3220 1960 3286 exercitu
2026 3221 2207 3286 enim
2268 3221 2620 3288 Meridiem
2667 3243 2907 3287 versus

563 3330 907 3419 profectus
978 3336 1054 3396 ut
1122 3329 1596 3396 Alexandrum
1662 3328 2260 3417 Polysperchontis
2306 3328 2525 3394 filium
2570 3328 2701 3393 sibi
2748 3328 2907 3394 sub-

557 3439 816 3524 jiceret,
866 3438 980 3503 ubi
1045 3440 1344 3526 primum
1386 3438 1458 3502 in
1517 3437 1873 3503 Boeotiam
1916 3437 2251 3525 pervenit,
2298 3438 2645 3503 decretum
2693 3436 2912 3502 edidit

617 3690 666 3755 1)
703 3690 859 3744 Diod.
898 3690 981 3742 19.
1022 3688 1092 3742 52
1129 3690 1196 3743 cf.
1237 3690 1401 3744 Paus.
1441 3686 1612 3746 &232
1652 3690 1702 3743 2.

617 3779 667 3846 2)
701 3780 817 3834 Liv.
855 3779 940 3833 31.
976 3778 1064 3833 45.
1101 3778 1187 3832 14.
1242 3777 1674 3847 „Cassandream
1719 3781 1970 3848 petentes
2007 3779 2080 3833 ad
2114 3779 2350 3844 Mendin,
2395 3779 2737 3834 maritimum
2775 3779 2911 3834 civi-

571 3869 731 3937 „tatis
769 3868 888 3938 ejus
927 3865 1163 3923 vicum.''

618 3957 668 4023 3)
702 3957 816 4011 Liv.
854 3957 940 4011 44.
981 3957 1066 4011 10.
1107 3957 1192 4011 11.
1234 3956 1317 4010 12.

617 4045 665 4107 4)
702 4040 964 4100 Niebuhr.
1004 4046 1190 4100 Worte
1227 4046 1319 4101 fib.
1359 4047 1469 4100 alte
1506 4045 1701 4101 Gesch.
1741 4046 1823 4100 ΙΙΙ
1858 4062 1909 4114 p.
1953 4045 2055 4100 105
2091 4047 2158 4100 cf.
2199 4047 2317 4106 161.

617 4133 665 4202 5)
701 4134 900 4190 Justin.
941 4134 1025 4188 24.
1068 4135 1118 4189 2.
1158 4136 1206 4188 1.

618 4222 667 4289 6)
706 4223 968 4294 Polyaen.
1008 4224 1057 4278 6.
1099 4224 1148 4277 7.
1191 4224 1241 4276 2.

620 4314 670 4380 ⁷)
706 4313 844 4367 Plin.
884 4314 949 4367 H.
989 4314 1055 4367 N.
1094 4314 1145 4367 4.
1189 4313 1273 4368 10.
1317 4316 1342 4378 g
1381 4313 1467 4368 37.
1508 4313 1710 4369 Strabo
1746 4313 1849 4367 331
1888 4300 1951 4368 fr'.
1991 4313 2076 4368 35.

625 4401 675 4468 ⁸)
712 4402 924 4457 Muller.
965 4403 1235 4457 Numism.
1276 4403 1640 4458 d’Alexandre
1678 4403 1797 4457 138.
1834 4404 2004 4459 Head.
2042 4404 2179 4458 Hist.
2220 4420 2430 4458 numm.
2472 4403 2588 4457 183.
