<?xml version="1.0" encoding="UTF-8"?>
<!DOCTYPE html PUBLIC "-//W3C//DTD XHTML 1.0 Transitional//EN"
    "http://www.w3.org/TR/xhtml1/DTD/xhtml1-transitional.dtd">
<html xmlns="http://www.w3.org/1999/xhtml" xml:lang="en" lang="en">
 <head>
  <title>
</title>
<meta http-equiv="Content-Type" content="text/html;charset=utf-8" />
  <meta name='ocr-system' content='tesseract 3.04.00' />
  <meta name='ocr-capabilities' content='ocr_page ocr_carea ocr_par ocr_line ocrx_word'/>
</head>
<body>
  <div class='ocr_page' id='page_1' title='image "./definibusregnim01breegoog_0214.png"; bbox 0 0 3338 5350; ppageno 0'>
   <div class='ocr_carea' id='block_1_1' title="bbox 1687 562 1813 628">
    <p class='ocr_par' dir='ltr' id='par_1_1' title="bbox 1687 562 1813 628">
     <span class='ocr_line' id='line_1_1' title="bbox 1687 562 1813 628; baseline 0.008 -1"><span class='ocrx_word' id='word_1_1' title='bbox 1687 562 1813 628; x_wconf 83' lang='grc'>132</span> 
     </span>
    </p>
   </div>
   <div class='ocr_carea' id='block_1_2' title="bbox 499 757 2924 4163">
    <p class='ocr_par' dir='ltr' id='par_1_2' title="bbox 578 757 2924 1274">
     <span class='ocr_line' id='line_1_2' title="bbox 582 757 2924 847; baseline -0 -23"><span class='ocrx_word' id='word_1_2' title='bbox 582 757 945 826; x_wconf 81' lang='lat' dir='ltr'>Cassandri</span> <span class='ocrx_word' id='word_1_3' title='bbox 1034 757 1542 847; x_wconf 89' lang='lat' dir='ltr'>Polysperchon</span> <span class='ocrx_word' id='word_1_4' title='bbox 1614 781 1756 824; x_wconf 92' lang='lat' dir='ltr'>sese</span> <span class='ocrx_word' id='word_1_5' title='bbox 1850 760 2135 826; x_wconf 90' lang='lat' dir='ltr'>contulit</span> <span class='ocrx_word' id='word_1_6' title='bbox 2228 759 2300 824; x_wconf 93' lang='lat' dir='ltr'>in</span> <span class='ocrx_word' id='word_1_7' title='bbox 2367 759 2709 826; x_wconf 78' lang='lat' dir='ltr'><strong>Aetoliam</strong></span> <span class='ocrx_word' id='word_1_8' title='bbox 2778 759 2924 824; x_wconf 88' lang='lat' dir='ltr'>sive</span> 
     </span>
     <span class='ocr_line' id='line_1_3' title="bbox 580 865 2920 954; baseline -0 -23"><span class='ocrx_word' id='word_1_9' title='bbox 580 868 888 954; x_wconf 87' lang='lat' dir='ltr'>Epirum,</span> <span class='ocrx_word' id='word_1_10' title='bbox 960 873 1029 931; x_wconf 89' lang='lat' dir='ltr'>et</span> <span class='ocrx_word' id='word_1_11' title='bbox 1076 888 1153 931; x_wconf 91' lang='lat' dir='ltr'>eo</span> <span class='ocrx_word' id='word_1_12' title='bbox 1201 888 1415 952; x_wconf 88' lang='lat' dir='ltr'>usque</span> <span class='ocrx_word' id='word_1_13' title='bbox 1451 867 1599 951; x_wconf 84' lang='lat' dir='ltr'>jam</span> <span class='ocrx_word' id='word_1_14' title='bbox 1659 866 1745 930; x_wconf 94' lang='lat' dir='ltr'>ab</span> <span class='ocrx_word' id='word_1_15' title='bbox 1810 867 2198 932; x_wconf 88' lang='lat' dir='ltr'>adversario</span> <span class='ocrx_word' id='word_1_16' title='bbox 2246 888 2365 932; x_wconf 90' lang='lat' dir='ltr'>suo</span> <span class='ocrx_word' id='word_1_17' title='bbox 2404 865 2753 952; x_wconf 87' lang='lat' dir='ltr'>neglectus</span> <span class='ocrx_word' id='word_1_18' title='bbox 2801 872 2920 950; x_wconf 88' lang='lat' dir='ltr'>est,</span> 
     </span>
     <span class='ocr_line' id='line_1_4' title="bbox 581 972 2921 1059; baseline -0 -21"><span class='ocrx_word' id='word_1_19' title='bbox 581 981 658 1038; x_wconf 89' lang='lat' dir='ltr'>ut</span> <span class='ocrx_word' id='word_1_20' title='bbox 723 974 836 1037; x_wconf 91' lang='lat' dir='ltr'>hic</span> <span class='ocrx_word' id='word_1_21' title='bbox 903 995 991 1038; x_wconf 93' lang='lat' dir='ltr'>ne</span> <span class='ocrx_word' id='word_1_22' title='bbox 1060 974 1133 1037; x_wconf 91' lang='lat' dir='ltr'>in</span> <span class='ocrx_word' id='word_1_23' title='bbox 1179 973 1584 1038; x_wconf 89' lang='lat' dir='ltr'>Macedonia</span> <span class='ocrx_word' id='word_1_24' title='bbox 1626 974 1904 1059; x_wconf 88' lang='lat' dir='ltr'>quidem</span> <span class='ocrx_word' id='word_1_25' title='bbox 1972 973 2297 1038; x_wconf 89' lang='lat' dir='ltr'>manserit</span> <span class='ocrx_word' id='word_1_26' title='bbox 2362 974 2449 1037; x_wconf 94' lang='lat' dir='ltr'>ad</span> <span class='ocrx_word' id='word_1_27' title='bbox 2498 996 2654 1038; x_wconf 91' lang='lat' dir='ltr'>eum</span> <span class='ocrx_word' id='word_1_28' title='bbox 2698 972 2921 1039; x_wconf 87' lang='lat' dir='ltr'>obser-</span> 
     </span>
     <span class='ocr_line' id='line_1_5' title="bbox 580 1079 2924 1167; baseline 0 -23"><span class='ocrx_word' id='word_1_29' title='bbox 580 1080 904 1163; x_wconf 88' lang='lat' dir='ltr'>vandum,</span> <span class='ocrx_word' id='word_1_30' title='bbox 975 1079 1093 1145; x_wconf 90' lang='lat' dir='ltr'>sed</span> <span class='ocrx_word' id='word_1_31' title='bbox 1161 1080 1235 1144; x_wconf 93' lang='lat' dir='ltr'>in</span> <span class='ocrx_word' id='word_1_32' title='bbox 1304 1079 1845 1167; x_wconf 80' lang='lat' dir='ltr'>Peloponnesum</span> <span class='ocrx_word' id='word_1_33' title='bbox 1909 1081 2189 1145; x_wconf 90' lang='lat' dir='ltr'>redierit</span> <span class='ocrx_word' id='word_1_34' title='bbox 2248 1091 2326 1145; x_wconf 90' lang='lat' dir='ltr'>ut</span> <span class='ocrx_word' id='word_1_35' title='bbox 2384 1079 2641 1145; x_wconf 88' lang='lat' dir='ltr'>bellum</span> <span class='ocrx_word' id='word_1_36' title='bbox 2688 1085 2924 1146; x_wconf 89' lang='lat' dir='ltr'>contra</span> 
     </span>
     <span class='ocr_line' id='line_1_6' title="bbox 578 1186 2717 1274; baseline -0 -24"><span class='ocrx_word' id='word_1_37' title='bbox 578 1186 1047 1252; x_wconf 78' lang='lat' dir='ltr'>Alexandrum</span> <span class='ocrx_word' id='word_1_38' title='bbox 1091 1188 1536 1270; x_wconf 76' lang='lat' dir='ltr'>continuaret,</span> <span class='ocrx_word' id='word_1_39' title='bbox 1586 1186 1768 1252; x_wconf 90' lang='lat' dir='ltr'>haud</span> <span class='ocrx_word' id='word_1_40' title='bbox 1816 1188 2040 1252; x_wconf 90' lang='lat' dir='ltr'>minus</span> <span class='ocrx_word' id='word_1_41' title='bbox 2087 1192 2314 1274; x_wconf 88' lang='lat' dir='ltr'>spreta</span> <span class='ocrx_word' id='word_1_42' title='bbox 2358 1187 2717 1273; x_wconf 81' lang='lat' dir='ltr'>Eurydice.</span> 
     </span>
    </p>

    <p class='ocr_par' dir='ltr' id='par_1_3' title="bbox 499 1292 2922 2239">
     <span class='ocr_line' id='line_1_7' title="bbox 667 1292 2919 1382; baseline 0 -24"><span class='ocrx_word' id='word_1_43' title='bbox 667 1293 857 1366; x_wconf 89' lang='lat' dir='ltr'>Haec</span> <span class='ocrx_word' id='word_1_44' title='bbox 900 1294 1175 1359; x_wconf 90' lang='lat' dir='ltr'>interim</span> <span class='ocrx_word' id='word_1_45' title='bbox 1219 1294 1783 1382; x_wconf 90' lang='lat' dir='ltr'>Polysperchonti</span> <span class='ocrx_word' id='word_1_46' title='bbox 1830 1299 1898 1358; x_wconf 88' lang='lat' dir='ltr'>et</span> <span class='ocrx_word' id='word_1_47' title='bbox 1944 1292 2356 1382; x_wconf 80' lang='lat' dir='ltr'>Olympiadi,</span> <span class='ocrx_word' id='word_1_48' title='bbox 2421 1315 2577 1359; x_wconf 92' lang='lat' dir='ltr'>cum</span> <span class='ocrx_word' id='word_1_49' title='bbox 2622 1294 2919 1358; x_wconf 90' lang='lat' dir='ltr'>exercitu</span> 
     </span>
     <span class='ocr_line' id='line_1_8' title="bbox 499 1383 2921 1491; baseline 0.001 -27"><span class='ocrx_word' id='word_1_50' title='bbox 499 1479 506 1485; x_wconf 33' lang='grc'><strong>,</strong></span> <span class='ocrx_word' id='word_1_51' title='bbox 578 1399 1049 1466; x_wconf 87' lang='lat' dir='ltr'>Macedoniam</span> <span class='ocrx_word' id='word_1_52' title='bbox 1115 1401 1471 1491; x_wconf 82' lang='lat' dir='ltr'>invasuriS,</span> <span class='ocrx_word' id='word_1_53' title='bbox 1543 1401 1819 1466; x_wconf 86' lang='lat' dir='ltr'>obviam</span> <span class='ocrx_word' id='word_1_54' title='bbox 1886 1400 2073 1466; x_wconf 89' lang='lat' dir='ltr'>facta</span> <span class='ocrx_word' id='word_1_55' title='bbox 2142 1408 2242 1466; x_wconf 87' lang='lat' dir='ltr'>est</span> <span class='ocrx_word' id='word_1_56' title='bbox 2269 1401 2353 1483; x_wconf 70' lang='grc'>1);</span> <span class='ocrx_word' id='word_1_57' title='bbox 2424 1402 2541 1466; x_wconf 89' lang='lat' dir='ltr'>sed</span> <span class='ocrx_word' id='word_1_58' title='bbox 2590 1383 2921 1466; x_wconf 83' lang='lat' dir='ltr'>exercitus</span> 
     </span>
     <span class='ocr_line' id='line_1_9' title="bbox 579 1507 2920 1596; baseline -0 -23"><span class='ocrx_word' id='word_1_59' title='bbox 579 1507 722 1591; x_wconf 88' lang='lat' dir='ltr'>ejus</span> <span class='ocrx_word' id='word_1_60' title='bbox 766 1510 1010 1596; x_wconf 87' lang='lat' dir='ltr'>prima·</span> <span class='ocrx_word' id='word_1_61' title='bbox 1033 1529 1303 1594; x_wconf 90' lang='lat' dir='ltr'>quaque</span> <span class='ocrx_word' id='word_1_62' title='bbox 1350 1509 1698 1572; x_wconf 82' lang='lat' dir='ltr'>occasione</span> <span class='ocrx_word' id='word_1_63' title='bbox 1744 1507 1829 1571; x_wconf 90' lang='lat' dir='ltr'>ad</span> <span class='ocrx_word' id='word_1_64' title='bbox 1877 1508 2139 1572; x_wconf 90' lang='lat' dir='ltr'>hostem</span> <span class='ocrx_word' id='word_1_65' title='bbox 2182 1508 2471 1591; x_wconf 88' lang='lat' dir='ltr'>transiit,</span> <span class='ocrx_word' id='word_1_66' title='bbox 2513 1508 2661 1595; x_wconf 93' lang='lat' dir='ltr'>ipse</span> <span class='ocrx_word' id='word_1_67' title='bbox 2682 1508 2920 1572; x_wconf 87' lang='lat' dir='ltr'>Arrhi-</span> 
     </span>
     <span class='ocr_line' id='line_1_10' title="bbox 579 1614 2922 1703; baseline -0.001 -22"><span class='ocrx_word' id='word_1_68' title='bbox 579 1618 787 1681; x_wconf 91' lang='lat' dir='ltr'>daeus</span> <span class='ocrx_word' id='word_1_69' title='bbox 832 1618 1143 1703; x_wconf 85' lang='lat' dir='ltr'>captivus</span> <span class='ocrx_word' id='word_1_70' title='bbox 1188 1614 1288 1697; x_wconf 79' lang='lat' dir='ltr'>fit,</span> <span class='ocrx_word' id='word_1_71' title='bbox 1335 1614 1568 1701; x_wconf 90' lang='lat' dir='ltr'>paullo</span> <span class='ocrx_word' id='word_1_72' title='bbox 1612 1621 1770 1702; x_wconf 90' lang='lat' dir='ltr'>post</span> <span class='ocrx_word' id='word_1_73' title='bbox 1812 1615 2156 1702; x_wconf 83' lang='lat' dir='ltr'>Eurydice</span> <span class='ocrx_word' id='word_1_74' title='bbox 2201 1616 2484 1702; x_wconf 89' lang='lat' dir='ltr'>capitur.</span> <span class='ocrx_word' id='word_1_75' title='bbox 2545 1615 2922 1700; x_wconf 88' lang='lat' dir='ltr'>Postquam</span> 
     </span>
     <span class='ocr_line' id='line_1_11' title="bbox 579 1721 2918 1810; baseline -0.001 -22"><span class='ocrx_word' id='word_1_76' title='bbox 579 1723 785 1788; x_wconf 88' lang='lat' dir='ltr'>etiam</span> <span class='ocrx_word' id='word_1_77' title='bbox 828 1724 996 1788; x_wconf 91' lang='lat' dir='ltr'>haec</span> <span class='ocrx_word' id='word_1_78' title='bbox 1041 1724 1114 1786; x_wconf 95' lang='lat' dir='ltr'>in</span> <span class='ocrx_word' id='word_1_79' title='bbox 1162 1721 1588 1808; x_wconf 83' lang='lat' dir='ltr'>Olympiadis</span> <span class='ocrx_word' id='word_1_80' title='bbox 1633 1729 2044 1809; x_wconf 86' lang='lat' dir='ltr'>potestatem</span> <span class='ocrx_word' id='word_1_81' title='bbox 2087 1724 2422 1810; x_wconf 86' lang='lat' dir='ltr'>pervenit,</span> <span class='ocrx_word' id='word_1_82' title='bbox 2472 1723 2710 1788; x_wconf 88' lang='lat' dir='ltr'>eodem</span> <span class='ocrx_word' id='word_1_83' title='bbox 2746 1728 2918 1787; x_wconf 92' lang='lat' dir='ltr'>tem-</span> 
     </span>
     <span class='ocr_line' id='line_1_12' title="bbox 575 1829 2919 1918; baseline -0 -23"><span class='ocrx_word' id='word_1_84' title='bbox 575 1851 741 1917; x_wconf 88' lang='lat' dir='ltr'>pore</span> <span class='ocrx_word' id='word_1_85' title='bbox 811 1830 894 1894; x_wconf 89' lang='lat' dir='ltr'>ab</span> <span class='ocrx_word' id='word_1_86' title='bbox 965 1850 1043 1894; x_wconf 92' lang='lat' dir='ltr'>eo</span> <span class='ocrx_word' id='word_1_87' title='bbox 1112 1830 1427 1894; x_wconf 74' lang='lat' dir='ltr'>exstincti</span> <span class='ocrx_word' id='word_1_88' title='bbox 1496 1836 1688 1913; x_wconf 82' lang='lat' dir='ltr'>sunt3</span> <span class='ocrx_word' id='word_1_89' title='bbox 1750 1829 1871 1895; x_wconf 90' lang='lat' dir='ltr'>illa</span> <span class='ocrx_word' id='word_1_90' title='bbox 1938 1851 2119 1895; x_wconf 93' lang='lat' dir='ltr'>nunc</span> <span class='ocrx_word' id='word_1_91' title='bbox 2183 1851 2309 1917; x_wconf 90' lang='lat' dir='ltr'>per</span> <span class='ocrx_word' id='word_1_92' title='bbox 2365 1829 2573 1896; x_wconf 86' lang='lat' dir='ltr'>breve</span> <span class='ocrx_word' id='word_1_93' title='bbox 2620 1830 2919 1918; x_wconf 86' lang='lat' dir='ltr'>spatium</span> 
     </span>
     <span class='ocr_line' id='line_1_13' title="bbox 577 1934 2920 2002; baseline -0.001 0"><span class='ocrx_word' id='word_1_94' title='bbox 577 1936 1056 2002; x_wconf 89' lang='lat' dir='ltr'>dominationis</span> <span class='ocrx_word' id='word_1_95' title='bbox 1124 1957 1284 2001; x_wconf 86' lang='lat' dir='ltr'>suae</span> <span class='ocrx_word' id='word_1_96' title='bbox 1323 1936 1664 2001; x_wconf 74' lang='lat' dir='ltr'>‘omnibus</span> <span class='ocrx_word' id='word_1_97' title='bbox 1748 1937 1966 2001; x_wconf 88' lang='lat' dir='ltr'>modis</span> <span class='ocrx_word' id='word_1_98' title='bbox 2048 1936 2120 2001; x_wconf 90' lang='lat' dir='ltr'>in</span> <span class='ocrx_word' id='word_1_99' title='bbox 2188 1936 2488 2001; x_wconf 87' lang='lat' dir='ltr'>fautores</span> <span class='ocrx_word' id='word_1_100' title='bbox 2556 1934 2920 2001; x_wconf 83' lang='lat' dir='ltr'>Cassandri</span> 
     </span>
     <span class='ocr_line' id='line_1_14' title="bbox 576 2042 2919 2128; baseline 0 -20"><span class='ocrx_word' id='word_1_101' title='bbox 576 2044 838 2128; x_wconf 84' lang='lat' dir='ltr'>saeviit,</span> <span class='ocrx_word' id='word_1_102' title='bbox 912 2050 986 2108; x_wconf 90' lang='lat' dir='ltr'>ut</span> <span class='ocrx_word' id='word_1_103' title='bbox 1051 2044 1183 2109; x_wconf 86' lang='lat' dir='ltr'>hoc</span> <span class='ocrx_word' id='word_1_104' title='bbox 1226 2046 1427 2110; x_wconf 92' lang='lat' dir='ltr'>modo</span> <span class='ocrx_word' id='word_1_105' title='bbox 1495 2065 1770 2109; x_wconf 91' lang='lat' dir='ltr'>caecum</span> <span class='ocrx_word' id='word_1_106' title='bbox 1832 2042 2132 2109; x_wconf 85' lang='lat' dir='ltr'>furorem</span> <span class='ocrx_word' id='word_1_107' title='bbox 2174 2043 2249 2108; x_wconf 93' lang='lat' dir='ltr'>in</span> <span class='ocrx_word' id='word_1_108' title='bbox 2297 2044 2716 2109; x_wconf 88' lang='lat' dir='ltr'>adversarios</span> <span class='ocrx_word' id='word_1_109' title='bbox 2763 2065 2919 2109; x_wconf 91' lang='lat' dir='ltr'>suos</span> 
     </span>
     <span class='ocr_line' id='line_1_15' title="bbox 576 2151 899 2239; baseline -0.003 -22"><span class='ocrx_word' id='word_1_110' title='bbox 576 2151 899 2239; x_wconf 84' lang='lat' dir='ltr'>expleret.</span> 
     </span>
    </p>

    <p class='ocr_par' dir='ltr' id='par_1_4' title="bbox 572 2256 2922 3501">
     <span class='ocr_line' id='line_1_16' title="bbox 665 2256 2915 2342; baseline -0 -19"><span class='ocrx_word' id='word_1_111' title='bbox 665 2256 1044 2324; x_wconf 81' lang='lat' dir='ltr'>Cassander</span> <span class='ocrx_word' id='word_1_112' title='bbox 1113 2264 1359 2339; x_wconf 89' lang='lat' dir='ltr'>autem,</span> <span class='ocrx_word' id='word_1_113' title='bbox 1433 2259 1668 2323; x_wconf 87' lang='lat' dir='ltr'>audita</span> <span class='ocrx_word' id='word_1_114' title='bbox 1737 2280 1810 2323; x_wconf 90' lang='lat' dir='ltr'>re</span> <span class='ocrx_word' id='word_1_115' title='bbox 1857 2259 1931 2323; x_wconf 94' lang='lat' dir='ltr'>in</span> <span class='ocrx_word' id='word_1_116' title='bbox 1996 2256 2467 2324; x_wconf 88' lang='lat' dir='ltr'>Macedoniam</span> <span class='ocrx_word' id='word_1_117' title='bbox 2529 2258 2915 2342; x_wconf 87' lang='lat' dir='ltr'>revertitur,</span> 
     </span>
     <span class='ocr_line' id='line_1_17' title="bbox 577 2364 2916 2453; baseline -0.001 -23"><span class='ocrx_word' id='word_1_118' title='bbox 577 2365 1056 2453; x_wconf 88' lang='lat' dir='ltr'>Olympiadem</span> <span class='ocrx_word' id='word_1_119' title='bbox 1123 2364 1409 2452; x_wconf 89' lang='lat' dir='ltr'>Pydnae</span> <span class='ocrx_word' id='word_1_120' title='bbox 1461 2365 1746 2431; x_wconf 88' lang='lat' dir='ltr'>obsidet.</span> <span class='ocrx_word' id='word_1_121' title='bbox 1838 2365 2115 2431; x_wconf 90' lang='lat' dir='ltr'>Auxilia</span> <span class='ocrx_word' id='word_1_122' title='bbox 2163 2387 2244 2430; x_wconf 87' lang='lat' dir='ltr'>ex</span> <span class='ocrx_word' id='word_1_123' title='bbox 2289 2366 2499 2452; x_wconf 87' lang='lat' dir='ltr'>Epiro</span> <span class='ocrx_word' id='word_1_124' title='bbox 2546 2364 2752 2429; x_wconf 86' lang='lat' dir='ltr'>missa</span> <span class='ocrx_word' id='word_1_125' title='bbox 2790 2364 2916 2430; x_wconf 90' lang='lat' dir='ltr'>sub</span> 
     </span>
     <span class='ocr_line' id='line_1_18' title="bbox 574 2471 2918 2558; baseline -0.001 -21"><span class='ocrx_word' id='word_1_126' title='bbox 574 2494 733 2558; x_wconf 86' lang='lat' dir='ltr'>rege</span> <span class='ocrx_word' id='word_1_127' title='bbox 770 2471 1095 2556; x_wconf 87' lang='lat' dir='ltr'>Aeacida,</span> <span class='ocrx_word' id='word_1_128' title='bbox 1142 2492 1284 2538; x_wconf 93' lang='lat' dir='ltr'>non</span> <span class='ocrx_word' id='word_1_129' title='bbox 1328 2479 1597 2537; x_wconf 87' lang='lat' dir='ltr'>tantum</span> <span class='ocrx_word' id='word_1_130' title='bbox 1642 2473 1717 2537; x_wconf 92' lang='lat' dir='ltr'>in</span> <span class='ocrx_word' id='word_1_131' title='bbox 1763 2494 1954 2538; x_wconf 91' lang='lat' dir='ltr'>mora</span> <span class='ocrx_word' id='word_1_132' title='bbox 1974 2472 2272 2552; x_wconf 89' lang='lat' dir='ltr'>fuerunt,</span> <span class='ocrx_word' id='word_1_133' title='bbox 2321 2472 2439 2536; x_wconf 90' lang='lat' dir='ltr'>sed</span> <span class='ocrx_word' id='word_1_134' title='bbox 2486 2471 2693 2536; x_wconf 87' lang='lat' dir='ltr'>etiam</span> <span class='ocrx_word' id='word_1_135' title='bbox 2737 2471 2918 2536; x_wconf 84' lang='lat' dir='ltr'>vires</span> 
     </span>
     <span class='ocr_line' id='line_1_19' title="bbox 573 2578 2917 2667; baseline -0.002 -22"><span class='ocrx_word' id='word_1_136' title='bbox 573 2581 753 2665; x_wconf 86' lang='lat' dir='ltr'>regis</span> <span class='ocrx_word' id='word_1_137' title='bbox 799 2580 873 2643; x_wconf 94' lang='lat' dir='ltr'>in</span> <span class='ocrx_word' id='word_1_138' title='bbox 916 2580 1160 2644; x_wconf 92' lang='lat' dir='ltr'>itinere</span> <span class='ocrx_word' id='word_1_139' title='bbox 1199 2580 1532 2645; x_wconf 89' lang='lat' dir='ltr'>seditione</span> <span class='ocrx_word' id='word_1_140' title='bbox 1575 2579 1870 2645; x_wconf 92' lang='lat' dir='ltr'>militum</span> <span class='ocrx_word' id='word_1_141' title='bbox 1914 2586 2270 2667; x_wconf 85' lang='lat' dir='ltr'>tantopere</span> <span class='ocrx_word' id='word_1_142' title='bbox 2317 2578 2711 2644; x_wconf 86' lang='lat' dir='ltr'>debilitatae</span> <span class='ocrx_word' id='word_1_143' title='bbox 2736 2584 2917 2661; x_wconf 90' lang='lat' dir='ltr'>sunt,</span> 
     </span>
     <span class='ocr_line' id='line_1_20' title="bbox 576 2686 2919 2775; baseline -0.001 -23"><span class='ocrx_word' id='word_1_144' title='bbox 576 2695 652 2752; x_wconf 91' lang='lat' dir='ltr'>ut</span> <span class='ocrx_word' id='word_1_145' title='bbox 719 2687 1000 2752; x_wconf 91' lang='lat' dir='ltr'>ulterius</span> <span class='ocrx_word' id='word_1_146' title='bbox 1065 2689 1387 2775; x_wconf 85' lang='lat' dir='ltr'>progredi</span> <span class='ocrx_word' id='word_1_147' title='bbox 1461 2710 1661 2752; x_wconf 90' lang='lat' dir='ltr'>ausus</span> <span class='ocrx_word' id='word_1_148' title='bbox 1730 2709 1869 2753; x_wconf 93' lang='lat' dir='ltr'>non</span> <span class='ocrx_word' id='word_1_149' title='bbox 1933 2688 2055 2771; x_wconf 82' lang='lat' dir='ltr'>sit3</span> <span class='ocrx_word' id='word_1_150' title='bbox 2124 2709 2280 2752; x_wconf 91' lang='lat' dir='ltr'>cum</span> <span class='ocrx_word' id='word_1_151' title='bbox 2349 2693 2576 2752; x_wconf 88' lang='lat' dir='ltr'>autem</span> <span class='ocrx_word' id='word_1_152' title='bbox 2639 2686 2919 2751; x_wconf 90' lang='lat' dir='ltr'>domum</span> 
     </span>
     <span class='ocr_line' id='line_1_21' title="bbox 572 2792 2922 2882; baseline -0 -24"><span class='ocrx_word' id='word_1_153' title='bbox 572 2795 901 2876; x_wconf 88' lang='lat' dir='ltr'>rediisset,</span> <span class='ocrx_word' id='word_1_154' title='bbox 951 2816 1161 2879; x_wconf 84' lang='lat' dir='ltr'>regno</span> <span class='ocrx_word' id='word_1_155' title='bbox 1208 2795 1535 2882; x_wconf 89' lang='lat' dir='ltr'>spoliatus</span> <span class='ocrx_word' id='word_1_156' title='bbox 1584 2802 1703 2861; x_wconf 88' lang='lat' dir='ltr'>est.</span> <span class='ocrx_word' id='word_1_157' title='bbox 1759 2795 2156 2861; x_wconf 88' lang='lat' dir='ltr'>Adversarii</span> <span class='ocrx_word' id='word_1_158' title='bbox 2203 2794 2346 2880; x_wconf 86' lang='lat' dir='ltr'>ejus</span> <span class='ocrx_word' id='word_1_159' title='bbox 2392 2792 2633 2859; x_wconf 86' lang='lat' dir='ltr'>foedus</span> <span class='ocrx_word' id='word_1_160' title='bbox 2679 2794 2922 2858; x_wconf 88' lang='lat' dir='ltr'>ineunt</span> 
     </span>
     <span class='ocr_line' id='line_1_22' title="bbox 575 2898 2921 2988; baseline 0 -23"><span class='ocrx_word' id='word_1_161' title='bbox 575 2924 728 2966; x_wconf 92' lang='lat' dir='ltr'>cum</span> <span class='ocrx_word' id='word_1_162' title='bbox 796 2898 1193 2984; x_wconf 75' lang='lat' dir='ltr'>CassandrO,</span> <span class='ocrx_word' id='word_1_163' title='bbox 1287 2903 1404 2988; x_wconf 90' lang='lat' dir='ltr'>qui</span> <span class='ocrx_word' id='word_1_164' title='bbox 1469 2903 1827 2988; x_wconf 90' lang='lat' dir='ltr'>Lyciscum</span> <span class='ocrx_word' id='word_1_165' title='bbox 1903 2908 2406 2988; x_wconf 88' lang='lat' dir='ltr'>procuratorem</span> <span class='ocrx_word' id='word_1_166' title='bbox 2490 2902 2562 2966; x_wconf 94' lang='lat' dir='ltr'>in</span> <span class='ocrx_word' id='word_1_167' title='bbox 2628 2901 2921 2988; x_wconf 90' lang='lat' dir='ltr'>Epirum</span> 
     </span>
     <span class='ocr_line' id='line_1_23' title="bbox 573 3007 2919 3094; baseline 0 -22"><span class='ocrx_word' id='word_1_168' title='bbox 573 3008 777 3072; x_wconf 89' lang='lat' dir='ltr'>misit.</span> <span class='ocrx_word' id='word_1_169' title='bbox 871 3007 1212 3086; x_wconf 81' lang='lat' dir='ltr'>Quidnam</span> <span class='ocrx_word' id='word_1_170' title='bbox 1279 3016 1508 3074; x_wconf 88' lang='lat' dir='ltr'>autem</span> <span class='ocrx_word' id='word_1_171' title='bbox 1578 3008 1788 3073; x_wconf 89' lang='lat' dir='ltr'>fuerit</span> <span class='ocrx_word' id='word_1_172' title='bbox 1854 3030 2099 3073; x_wconf 91' lang='lat' dir='ltr'>munus</span> <span class='ocrx_word' id='word_1_173' title='bbox 2169 3007 2372 3093; x_wconf 87' lang='lat' dir='ltr'>hujus</span> <span class='ocrx_word' id='word_1_174' title='bbox 2440 3008 2708 3094; x_wconf 90' lang='lat' dir='ltr'>Lycisci</span> <span class='ocrx_word' id='word_1_175' title='bbox 2777 3029 2919 3072; x_wconf 93' lang='lat' dir='ltr'>non</span> 
     </span>
     <span class='ocr_line' id='line_1_24' title="bbox 573 3114 2920 3203; baseline 0 -25"><span class='ocrx_word' id='word_1_176' title='bbox 573 3120 1175 3180; x_wconf 89' lang='lat' dir='ltr'>commemoratum</span> <span class='ocrx_word' id='word_1_177' title='bbox 1243 3122 1362 3197; x_wconf 90' lang='lat' dir='ltr'>est,</span> <span class='ocrx_word' id='word_1_178' title='bbox 1438 3115 1646 3179; x_wconf 84' lang='lat' dir='ltr'>etiam</span> <span class='ocrx_word' id='word_1_179' title='bbox 1690 3135 1873 3180; x_wconf 90' lang='lat' dir='ltr'>nunc</span> <span class='ocrx_word' id='word_1_180' title='bbox 1937 3137 2042 3180; x_wconf 91' lang='lat' dir='ltr'>res</span> <span class='ocrx_word' id='word_1_181' title='bbox 2098 3115 2295 3203; x_wconf 86' lang='lat' dir='ltr'>Epiri</span> <span class='ocrx_word' id='word_1_182' title='bbox 2333 3137 2546 3201; x_wconf 89' lang='lat' dir='ltr'>aeque</span> <span class='ocrx_word' id='word_1_183' title='bbox 2592 3114 2920 3180; x_wconf 90' lang='lat' dir='ltr'>obscurae</span> 
     </span>
     <span class='ocr_line' id='line_1_25' title="bbox 573 3221 2920 3309; baseline -0.001 -23"><span class='ocrx_word' id='word_1_184' title='bbox 573 3228 730 3286; x_wconf 86' lang='lat' dir='ltr'>sunt</span> <span class='ocrx_word' id='word_1_185' title='bbox 793 3243 870 3287; x_wconf 89' lang='lat' dir='ltr'>ac</span> <span class='ocrx_word' id='word_1_186' title='bbox 939 3243 1203 3309; x_wconf 89' lang='lat' dir='ltr'>semper</span> <span class='ocrx_word' id='word_1_187' title='bbox 1271 3222 1451 3287; x_wconf 78' lang='lat' dir='ltr'>aliaS.</span> <span class='ocrx_word' id='word_1_188' title='bbox 1572 3222 1766 3288; x_wconf 86' lang='lat' dir='ltr'>Nihil</span> <span class='ocrx_word' id='word_1_189' title='bbox 1833 3228 2255 3309; x_wconf 91' lang='lat' dir='ltr'>compertum</span> <span class='ocrx_word' id='word_1_190' title='bbox 2338 3228 2442 3287; x_wconf 93' lang='lat' dir='ltr'>est</span> <span class='ocrx_word' id='word_1_191' title='bbox 2501 3221 2587 3286; x_wconf 92' lang='lat' dir='ltr'>de</span> <span class='ocrx_word' id='word_1_192' title='bbox 2653 3222 2920 3284; x_wconf 80' lang='lat' dir='ltr'>ratione</span> 
     </span>
     <span class='ocr_line' id='line_1_26' title="bbox 573 3328 2920 3417; baseline -0.001 -24"><span class='ocrx_word' id='word_1_193' title='bbox 573 3351 747 3414; x_wconf 90' lang='lat' dir='ltr'>quae</span> <span class='ocrx_word' id='word_1_194' title='bbox 813 3328 1277 3395; x_wconf 88' lang='lat' dir='ltr'>intercedebat</span> <span class='ocrx_word' id='word_1_195' title='bbox 1341 3329 1520 3394; x_wconf 89' lang='lat' dir='ltr'>inter</span> <span class='ocrx_word' id='word_1_196' title='bbox 1586 3335 1825 3414; x_wconf 85' lang='lat' dir='ltr'>gentes</span> <span class='ocrx_word' id='word_1_197' title='bbox 1870 3328 2252 3417; x_wconf 89' lang='lat' dir='ltr'>Epiroticas</span> <span class='ocrx_word' id='word_1_198' title='bbox 2300 3335 2368 3393; x_wconf 89' lang='lat' dir='ltr'>et</span> <span class='ocrx_word' id='word_1_199' title='bbox 2410 3333 2920 3415; x_wconf 88' lang='lat' dir='ltr'>procuratorem</span> 
     </span>
     <span class='ocr_line' id='line_1_27' title="bbox 573 3435 1102 3501; baseline 0.002 -2"><span class='ocrx_word' id='word_1_200' title='bbox 573 3435 1102 3501; x_wconf 88' lang='lat' dir='ltr'>Macedonicum.</span> 
     </span>
    </p>

    <p class='ocr_par' dir='ltr' id='par_1_5' title="bbox 569 3541 2924 4163">
     <span class='ocr_line' id='line_1_28' title="bbox 662 3541 2922 3629; baseline 0 -23"><span class='ocrx_word' id='word_1_201' title='bbox 662 3541 1066 3607; x_wconf 89' lang='lat' dir='ltr'>Plutarchus</span> <span class='ocrx_word' id='word_1_202' title='bbox 1136 3541 1463 3629; x_wconf 89' lang='lat' dir='ltr'>(Pyrrhus</span> <span class='ocrx_word' id='word_1_203' title='bbox 1532 3544 1597 3626; x_wconf 90' lang='grc'>2)</span> <span class='ocrx_word' id='word_1_204' title='bbox 1697 3543 1911 3607; x_wconf 90' lang='lat' dir='ltr'>tradit</span> <span class='ocrx_word' id='word_1_205' title='bbox 2004 3564 2166 3607; x_wconf 88' lang='lat' dir='ltr'>sane</span> <span class='ocrx_word' id='word_1_206' title='bbox 2245 3542 2675 3629; x_wconf 85' lang='lat' dir='ltr'>Neoptolemi</span> <span class='ocrx_word' id='word_1_207' title='bbox 2743 3541 2922 3606; x_wconf 90' lang='lat' dir='ltr'>filios</span> 
     </span>
     <span class='ocr_line' id='line_1_29' title="bbox 569 3646 2924 3736; baseline -0.001 -23"><span class='ocrx_word' id='word_1_208' title='bbox 569 3649 771 3713; x_wconf 88' lang='lat' dir='ltr'>rebus</span> <span class='ocrx_word' id='word_1_209' title='bbox 838 3646 1218 3736; x_wconf 84' lang='lat' dir='ltr'>praefectos</span> <span class='ocrx_word' id='word_1_210' title='bbox 1267 3671 1429 3733; x_wconf 88' lang='lat' dir='ltr'>esse,</span> <span class='ocrx_word' id='word_1_211' title='bbox 1501 3671 1627 3715; x_wconf 91' lang='lat' dir='ltr'>nec</span> <span class='ocrx_word' id='word_1_212' title='bbox 1671 3656 1905 3713; x_wconf 89' lang='lat' dir='ltr'>tamen</span> <span class='ocrx_word' id='word_1_213' title='bbox 1950 3654 2145 3736; x_wconf 92' lang='lat' dir='ltr'>patet</span> <span class='ocrx_word' id='word_1_214' title='bbox 2187 3649 2503 3735; x_wconf 87' lang='lat' dir='ltr'>quisnam</span> <span class='ocrx_word' id='word_1_215' title='bbox 2548 3647 2756 3713; x_wconf 85' lang='lat' dir='ltr'>fuerit</span> <span class='ocrx_word' id='word_1_216' title='bbox 2805 3646 2924 3712; x_wconf 85' lang='lat' dir='ltr'>ille</span> 
     </span>
     <span class='ocr_line' id='line_1_30' title="bbox 571 3751 2918 3842; baseline -0 -22"><span class='ocrx_word' id='word_1_217' title='bbox 571 3751 1074 3842; x_wconf 84' lang='lat' dir='ltr'>Neoptolemus.</span> <span class='ocrx_word' id='word_1_218' title='bbox 1159 3755 1375 3819; x_wconf 89' lang='lat' dir='ltr'>Filius</span> <span class='ocrx_word' id='word_1_219' title='bbox 1420 3755 1799 3821; x_wconf 89' lang='lat' dir='ltr'>Alexandri</span> <span class='ocrx_word' id='word_1_220' title='bbox 1842 3755 2119 3821; x_wconf 91' lang='lat' dir='ltr'>Molossi</span> <span class='ocrx_word' id='word_1_221' title='bbox 2167 3756 2390 3820; x_wconf 88' lang='lat' dir='ltr'>adhuc</span> <span class='ocrx_word' id='word_1_222' title='bbox 2431 3755 2702 3840; x_wconf 85' lang='lat' dir='ltr'>juvenis</span> <span class='ocrx_word' id='word_1_223' title='bbox 2750 3761 2918 3839; x_wconf 90' lang='lat' dir='ltr'>erat,</span> 
     </span>
     <span class='ocr_line' id='line_1_31' title="bbox 570 3862 2921 3949; baseline 0 -23"><span class='ocrx_word' id='word_1_224' title='bbox 570 3862 681 3927; x_wconf 90' lang='lat' dir='ltr'>hic</span> <span class='ocrx_word' id='word_1_225' title='bbox 716 3883 855 3927; x_wconf 91' lang='lat' dir='ltr'>non</span> <span class='ocrx_word' id='word_1_226' title='bbox 902 3869 1063 3927; x_wconf 92' lang='lat' dir='ltr'>ante</span> <span class='ocrx_word' id='word_1_227' title='bbox 1109 3884 1364 3927; x_wconf 90' lang='lat' dir='ltr'>annum</span> <span class='ocrx_word' id='word_1_228' title='bbox 1412 3863 1541 3928; x_wconf 85' lang='grc'>302</span> <span class='ocrx_word' id='word_1_229' title='bbox 1590 3885 1709 3927; x_wconf 88' lang='lat' dir='ltr'>rex</span> <span class='ocrx_word' id='word_1_230' title='bbox 1755 3862 1978 3927; x_wconf 87' lang='lat' dir='ltr'>factus</span> <span class='ocrx_word' id='word_1_231' title='bbox 2026 3870 2127 3927; x_wconf 86' lang='lat' dir='ltr'>est</span> <span class='ocrx_word' id='word_1_232' title='bbox 2155 3862 2227 3949; x_wconf 81' lang='grc'>2).</span> <span class='ocrx_word' id='word_1_233' title='bbox 2291 3863 2493 3928; x_wconf 90' lang='lat' dir='ltr'>Niese</span> <span class='ocrx_word' id='word_1_234' title='bbox 2538 3863 2921 3949; x_wconf 90' lang='lat' dir='ltr'>suspicatur</span> 
     </span>
     <span class='ocr_line' id='line_1_32' title="bbox 569 3966 2917 4056; baseline 0 -24"><span class='ocrx_word' id='word_1_235' title='bbox 569 3988 680 4033; x_wconf 92' lang='lat' dir='ltr'>eos</span> <span class='ocrx_word' id='word_1_236' title='bbox 729 3966 938 4033; x_wconf 88' lang='lat' dir='ltr'>fuisse</span> <span class='ocrx_word' id='word_1_237' title='bbox 982 3968 1156 4034; x_wconf 88' lang='lat' dir='ltr'>fflios</span> <span class='ocrx_word' id='word_1_238' title='bbox 1202 3969 1634 4056; x_wconf 87' lang='lat' dir='ltr'>Neoptolemi</span> <span class='ocrx_word' id='word_1_239' title='bbox 1698 3969 2061 4052; x_wconf 86' lang='lat' dir='ltr'>Aeacidae,</span> <span class='ocrx_word' id='word_1_240' title='bbox 2115 3970 2304 4043; x_wconf 90' lang='lat' dir='ltr'>ducis</span> <span class='ocrx_word' id='word_1_241' title='bbox 2350 3968 2746 4052; x_wconf 88' lang='lat' dir='ltr'>Alexandri,</span> <span class='ocrx_word' id='word_1_242' title='bbox 2797 3970 2917 4054; x_wconf 91' lang='lat' dir='ltr'>qui</span> 
     </span>
     <span class='ocr_line' id='line_1_33' title="bbox 572 4075 2917 4163; baseline 0.001 -24"><span class='ocrx_word' id='word_1_243' title='bbox 572 4095 749 4139; x_wconf 88' lang='lat' dir='ltr'>anno</span> <span class='ocrx_word' id='word_1_244' title='bbox 796 4075 923 4140; x_wconf 81' lang='lat'>321</span> <span class='ocrx_word' id='word_1_245' title='bbox 974 4075 1059 4140; x_wconf 91' lang='lat' dir='ltr'>ab</span> <span class='ocrx_word' id='word_1_246' title='bbox 1106 4075 1414 4140; x_wconf 91' lang='lat' dir='ltr'>Eumene</span> <span class='ocrx_word' id='word_1_247' title='bbox 1460 4077 1603 4141; x_wconf 93' lang='lat' dir='ltr'>acie</span> <span class='ocrx_word' id='word_1_248' title='bbox 1647 4097 1880 4141; x_wconf 90' lang='lat' dir='ltr'>caesus</span> <span class='ocrx_word' id='word_1_249' title='bbox 1929 4083 2031 4141; x_wconf 89' lang='lat' dir='ltr'>est</span> <span class='ocrx_word' id='word_1_250' title='bbox 2057 4076 2130 4163; x_wconf 82' lang='lat'>3),</span> <span class='ocrx_word' id='word_1_251' title='bbox 2181 4098 2427 4161; x_wconf 88' lang='lat' dir='ltr'>eosque</span> <span class='ocrx_word' id='word_1_252' title='bbox 2471 4076 2741 4161; x_wconf 90' lang='lat' dir='ltr'>Lycisci</span> <span class='ocrx_word' id='word_1_253' title='bbox 2765 4097 2917 4141; x_wconf 89' lang='lat' dir='ltr'>aus-</span> 
     </span>
    </p>
   </div>
   <div class='ocr_carea' id='block_1_3' title="bbox 574 4246 984 4255">
    <p class='ocr_par' dir='ltr' id='par_1_6' title="bbox 574 4246 984 4255">
     <span class='ocr_line' id='line_1_34' title="bbox 574 4246 984 4255; baseline 0 0"><span class='ocrx_word' id='word_1_254' title='bbox 574 4246 984 4255; x_wconf 95' lang='lat' dir='ltr'> </span> 
     </span>
    </p>
   </div>
   <div class='ocr_carea' id='block_1_4' title="bbox 618 4352 2261 4603">
    <p class='ocr_par' dir='ltr' id='par_1_7' title="bbox 618 4352 2261 4603">
     <span class='ocr_line' id='line_1_35' title="bbox 622 4352 2261 4422; baseline 0 -16"><span class='ocrx_word' id='word_1_255' title='bbox 622 4352 669 4422; x_wconf 87' lang='lat'>1)</span> <span class='ocrx_word' id='word_1_256' title='bbox 707 4353 862 4407; x_wconf 86' lang='lat' dir='ltr'>Diod.</span> <span class='ocrx_word' id='word_1_257' title='bbox 902 4353 985 4407; x_wconf 85' lang='lat'>19.</span> <span class='ocrx_word' id='word_1_258' title='bbox 1030 4354 1113 4408; x_wconf 92' lang='lat'>11.</span> <span class='ocrx_word' id='word_1_259' title='bbox 1151 4354 1200 4407; x_wconf 83' lang='lat'>2.</span> <span class='ocrx_word' id='word_1_260' title='bbox 1241 4354 1405 4407; x_wconf 87' lang='lat' dir='ltr'>Paus.</span> <span class='ocrx_word' id='word_1_261' title='bbox 1447 4354 1493 4407; x_wconf 92' lang='lat'>1.</span> <span class='ocrx_word' id='word_1_262' title='bbox 1535 4353 1618 4406; x_wconf 92' lang='lat'>11.</span> <span class='ocrx_word' id='word_1_263' title='bbox 1662 4354 1714 4406; x_wconf 87' lang='grc'>3.</span> <span class='ocrx_word' id='word_1_264' title='bbox 1757 4354 1956 4409; x_wconf 73' lang='lat' dir='ltr'>sustin.</span> <span class='ocrx_word' id='word_1_265' title='bbox 2000 4353 2085 4405; x_wconf 88' lang='lat'>14.</span> <span class='ocrx_word' id='word_1_266' title='bbox 2123 4353 2172 4405; x_wconf 81' lang='lat'>5.</span> <span class='ocrx_word' id='word_1_267' title='bbox 2210 4353 2261 4406; x_wconf 84' lang='lat'>9.</span> 
     </span>
     <span class='ocr_line' id='line_1_36' title="bbox 620 4441 1241 4512; baseline 0.002 -16"><span class='ocrx_word' id='word_1_268' title='bbox 620 4441 671 4504; x_wconf 87' lang='lat'>2)</span> <span class='ocrx_word' id='word_1_269' title='bbox 709 4442 908 4512; x_wconf 75' lang='lat' dir='ltr'>DroyS.</span> <span class='ocrx_word' id='word_1_270' title='bbox 945 4443 997 4495; x_wconf 85' lang='lat'>2.</span> <span class='ocrx_word' id='word_1_271' title='bbox 1033 4443 1081 4495; x_wconf 85' lang='lat'>2.</span> <span class='ocrx_word' id='word_1_272' title='bbox 1121 4443 1241 4497; x_wconf 85' lang='lat'>214.</span> 
     </span>
     <span class='ocr_line' id='line_1_37' title="bbox 618 4529 1213 4603; baseline 0.002 -19"><span class='ocrx_word' id='word_1_273' title='bbox 618 4529 665 4603; x_wconf 86' lang='lat'>3)</span> <span class='ocrx_word' id='word_1_274' title='bbox 702 4532 914 4584; x_wconf 88' lang='lat' dir='ltr'>Arrian.</span> <span class='ocrx_word' id='word_1_275' title='bbox 953 4531 1001 4584; x_wconf 85' lang='grc'>2.</span> <span class='ocrx_word' id='word_1_276' title='bbox 1041 4532 1125 4585; x_wconf 81' lang='grc'>27.</span> <span class='ocrx_word' id='word_1_277' title='bbox 1163 4532 1213 4586; x_wconf 90' lang='grc'>6.</span> 
     </span>
    </p>
   </div>
   <div class='ocr_carea' id='block_1_5' title="bbox 3295 2 3310 5140">
    <p class='ocr_par' dir='ltr' id='par_1_8' title="bbox 3295 2 3310 5140">
     <span class='ocr_line' id='line_1_38' title="bbox 3295 2 3310 5140; baseline 0 0"><span class='ocrx_word' id='word_1_278' title='bbox 3295 2 3310 5140; x_wconf 95' lang='lat' dir='ltr'> </span> 
     </span>
    </p>
   </div>
  </div>
 </body>
</html>
