3338 5350
1540 498 1671 569 109

481 696 830 765 Postremo
897 697 1044 764 loco
1116 698 1297 785 quod
1365 700 1438 764 in
1502 700 1632 767 hac
1701 700 2136 788 inscriptione
2195 700 2480 767 diversis
2538 700 2730 767 sociis

391 807 641 872 diversi
708 808 971 871 numeri
1043 804 1514 892 suffragiorum
1585 807 2050 873 attribuuntur
2134 808 2219 873 ab
2288 809 2472 873 omni
2535 814 2730 896 parte

389 919 733 1001 repugnat
778 919 1013 979 contra
1058 912 1566 979 memorabilem
1612 913 1803 980 illam
1847 916 2313 981 evocationem
2356 913 2730 980 Athenien-

391 1022 570 1087 sium
615 1021 701 1086 ad
746 1018 1130 1086 libertatem
1151 1020 1224 1104 ¹),
1271 1027 1507 1086 contra
1555 1021 2038 1087 democratiam
2083 1028 2162 1087 ut
2197 1022 2357 1087 inde
2380 1022 2465 1087 ab
2489 1021 2732 1087 Antal-

390 1128 588 1193 cidae
629 1150 797 1216 pace
844 1129 914 1194 in
958 1126 1244 1195 Graecia
1289 1127 1859 1216 comprobabatur
1877 1127 1958 1215 2).
2004 1129 2305 1195 Foedere
2344 1130 2524 1194 enim
2550 1129 2729 1215 quod

399 1235 842 1301 Athenienses
890 1257 1068 1302 anno
1116 1235 1249 1300 378
1294 1236 1590 1301 inierunt
1626 1256 1782 1300 cum
1828 1235 2154 1301 insulanis
2194 1236 2475 1321 aliisque
2536 1237 2731 1303 sociis

392 1349 631 1409 contra
694 1342 1013 1430 Spartam
1052 1342 1122 1425 3),
1184 1341 1332 1428 jam
1398 1344 1842 1408 constitutum
1903 1349 2050 1408 erat
2110 1350 2187 1408 ut
2254 1343 2502 1430 singuli
2572 1346 2732 1411 socii

394 1447 663 1534 singula
708 1449 1033 1537 suffragia
1076 1448 1332 1515 ferrent
1355 1450 1426 1534 ⁴),
1473 1472 1681 1536 quam
1727 1449 1813 1516 ob
1858 1471 2004 1516 rem
2042 1451 2367 1538 suspicari
2411 1473 2551 1517 non
2572 1451 2733 1516 licet

391 1557 843 1623 Athenienses
914 1556 1249 1643 flagrante
1309 1556 1511 1640 belle,
1579 1579 1735 1622 cum
1801 1557 1928 1645 ipsi
1996 1556 2136 1623 alta
2202 1578 2368 1623 voce
2434 1556 2729 1644 reliquos

393 1664 688 1730 Graecos
758 1664 845 1729 ad
908 1663 1294 1730 libertatem
1340 1670 1722 1747 evocarent,
1785 1663 2208 1730 condiciones
2246 1661 2485 1729 fecisse
2531 1686 2729 1752 repu-

391 1777 683 1857 gnantes
750 1771 1044 1837 moribus
1110 1769 1408 1852 Graecis,
1457 1792 1631 1857 quae
1677 1772 2050 1836 necessario
2089 1771 2297 1837 socios
2350 1770 2729 1837 offensurae

394 1884 640 1944 essent.
731 1878 857 1943 His
926 1877 1341 1963 argumentis
1408 1878 1610 1960 nisus,
1685 1877 1985 1965 suspicor
2027 1878 2532 1966 inscriptionem
2578 1899 2729 1944 nos-

392 1991 573 2050 tram
611 1984 798 2052 nullo
843 1985 1046 2051 modo
1090 1985 1430 2073 pertinere
1474 2005 1674 2073 posse
1723 1984 1807 2049 ad
1862 1982 2188 2071 suffragia
2226 2007 2267 2050 a
2311 1986 2501 2051 sociis
2548 1984 2727 2052 bello

392 2091 675 2159 Lamico
720 2091 1023 2175 ferenda,
1069 2091 1295 2180 potius
1364 2090 1783 2174 crediderim,
1845 2092 2109 2157 ratione
2153 2091 2389 2158 habita
2432 2092 2522 2157 de
2564 2092 2729 2159 locis

393 2208 465 2265 et
533 2200 827 2266 numeris
891 2220 1041 2264 eam
1084 2204 1389 2286 spectare
1459 2197 1543 2263 ad
1563 2220 1572 2231 ·
1591 2197 1853 2283 legatos
1922 2200 1992 2263 in
2053 2198 2354 2285 singulas
2422 2200 2731 2265 civitates

393 2308 781 2390 mittendos,
829 2307 946 2391 qui
992 2326 1105 2372 eas
1152 2305 1241 2370 ad
1285 2304 1542 2371 bellum
1587 2306 1955 2371 incitarent
1976 2305 2047 2388 5).

484 2413 862 2480 Discrimen
907 2414 1085 2479 inter
1126 2412 1305 2478 hanc
1347 2414 1738 2479 societatem
1785 2419 1853 2477 et
1889 2413 2301 2500 superiorem
2340 2412 2483 2478 sine
2522 2412 2728 2478 dubio

393 2546 481 2588 ex
546 2521 675 2588 hac
739 2544 812 2587 re
879 2521 1211 2607 originem
1278 2520 1481 2609 cepit,
1528 2519 1709 2606 quod
1757 2519 2207 2586 Athenienses
2251 2521 2468 2587 coacti
2513 2526 2727 2603 erant,

391 2631 624 2697 omnia
670 2650 842 2716 quae
890 2629 977 2694 ad
1024 2627 1414 2696 societatem
1451 2627 1875 2717 pertinerent
1917 2628 2169 2718 raptim
2215 2634 2284 2694 et
2328 2627 2732 2695 festinanter

391 2739 822 2806 constituere.
935 2736 1163 2822 Vulgo
1236 2742 1463 2802 autem
1533 2742 1901 2823 antequam
1960 2735 2215 2802 bellum
2283 2736 2733 2825 susciperetur
2796 2803 2805 2810 ,

393 2847 624 2913 omnia
692 2845 779 2910 ad
846 2844 1028 2910 hanc
1092 2866 1236 2909 rem
1303 2839 1717 2932 pertinentia
1785 2844 2158 2910 constituta
2224 2850 2435 2927 erant,
2481 2844 2730 2932 princi·

389 2959 616 3042 patna,
663 2952 821 3017 urbs
865 2951 1281 3040 principalis,
1330 2951 1723 3037 synedrium
1761 2949 1905 3016 illic
1926 2951 2118 3016 sedes
2139 2951 2417 3034 habenS,
2464 2957 2730 3039 tempus

390 3082 519 3149 per
564 3060 744 3147 quod
815 3058 1056 3125 foedus
1126 3063 1337 3124 staret
1356 3056 1430 3143 ⁶),
1492 3055 1820 3142 suffragia
1866 3055 2169 3141 ferenda,
2216 3057 2457 3122 modus
2504 3056 2730 3122 alendi

392 3168 745 3254 exercitus,
764 3165 1314 3248 contributiones,
1340 3163 1611 3247 auxilia,
1636 3163 2062 3229 condiciones
2091 3163 2178 3228 de
2203 3183 2371 3251 pace
2393 3162 2729 3246 facienda,

392 3277 481 3341 de
528 3296 750 3364 poena
809 3274 1137 3341 solvenda
1205 3273 1261 3337 si
1306 3271 1457 3358 quis
1522 3272 1854 3338 sociorum
1900 3270 2140 3336 foedus
2184 3276 2549 3358 rumperet,
2594 3291 2731 3335 uno

389 3382 603 3449 verbo
648 3383 959 3449 omnibus
999 3382 1200 3447 rebus
1244 3385 1678 3469 prospectum
1725 3385 1872 3444 erat
1894 3383 1961 3459 ⁷).
2009 3376 2102 3442 Et
2146 3398 2328 3443 nunc
2372 3376 2543 3442 nihil
2591 3376 2731 3442 tale
2835 3468 2839 3475 Ι

443 3656 492 3722 1)
529 3655 688 3711 Diod.
730 3654 814 3710 18.
854 3656 938 3711 10.

444 3745 494 3809 2)
534 3745 794 3800 Schaefer
830 3744 986 3799 Dem.
1026 3744 1075 3798 1.
1115 3743 1184 3797 29
1223 3760 1340 3810 sqq.

445 3833 494 3898 3)
533 3835 590 3905 C.
629 3836 670 3888 I.
707 3836 767 3889 A.
809 3835 877 3888 ΙΙ.
917 3834 1001 3887 17.
1040 3833 1285 3887 Dittenb.
1323 3831 1410 3885 80.

444 3923 492 3991 4)
528 3924 674 3979 Plut.
712 3924 780 3979 de
818 3924 1008 3979 Gloria
1041 3923 1167 3977 Ath.
1204 3922 1255 3975 8.
1294 3921 1401 3975 350
1437 3922 1497 3975 A.
1538 3918 1780 3983 ἰσόψηφον
1816 3916 1987 3977 αὖα-οῖς
2026 3919 2117 3976 τὴν
2154 3916 2384 3969 Ἐλλάδα
2414 3916 2731 3976 navim-nem

388 4013 562 4070 πάσας
615 4011 901 4076 δ’ὖπάρχιιν
955 4010 1253 4073 αὐτονόμους
1305 4008 1515 4073 ἥγίμοσι
1571 4008 1845 4073 χρωμένους
1899 4010 2192 4066 Ἀθηναίοις.
2230 4008 2390 4063 Diod.
2422 4009 2515 4075 15.
2554 4007 2638 4062 28.
2678 4010 2728 4061 4.

389 4106 536 4153 πόλιν
588 4100 713 4152 δ’ἒπ’
761 4100 875 4160 ’lo-nc,-
927 4101 1015 4150 καὶ
1067 4098 1293 4165 μεγάλην
1328 4099 1415 4149 καὶ
1450 4100 1622 4162 μικρὰν
1657 4104 1777 4161 μιᾶς
1812 4096 1981 4162 ψήφου
2016 4099 2180 4161 κυρίαν
2214 4095 2334 4148 εἷναι
2359 4098 2569 4161 ἡγεμόσι
2604 4115 2734 4161 χρω-

387 4192 543 4256 μένας
579 4194 869 4251 Ἀθηναίοις.
911 4193 1156 4261 Xenoph.
1195 4191 1336 4245 Hell.
1376 4191 1424 4243 7,
1476 4190 1522 4244 1.
1565 4190 1612 4243 1.

442 4282 493 4345 5)
531 4284 597 4336 cf.
634 4283 780 4337 Plut.
821 4282 1059 4336 Pericles
1098 4281 1180 4333 17.

440 4370 490 4439 6)
527 4372 589 4426 C.
625 4373 665 4425 Ι.
706 4373 765 4426 A.
805 4371 896 4426 IV.
934 4370 981 4424 2.
1022 4388 1072 4440 p.
1111 4370 1181 4424 20
1217 4387 1269 4423 n.
1307 4369 1422 4423 5922.
1463 4368 1703 4423 Dittenb.
1743 4367 1859 4422 108.
1901 4385 1977 4422 vs.
2021 4368 2089 4421 12
2147 4367 2358 4422 Gilbert
2392 4367 2441 4419 2.
2484 4365 2605 4420 390.

441 4460 493 4528 7)
531 4462 595 4514 cf.
632 4461 827 4517 foedus
864 4462 992 4516 anni
1027 4460 1132 4515 386
1171 4459 1434 4515 Chiorum
1473 4462 1529 4513 et
1562 4458 1980 4513 Atheniensium
2019 4457 2074 4511 C.
2096 4458 2137 4511 Ι.
2157 4458 2218 4511 A.
2257 4457 2326 4512 II.
2367 4454 2449 4508 15.
2488 4455 2727 4514 Dittenb.
