3338 5350
1573 519 1698 582 183

472 712 690 776 minus
760 718 1043 799 apparet
1107 734 1338 799 regem
1405 735 1546 778 sese
1614 714 1953 779 miscuisse
1998 715 2197 780 rebus
2246 715 2527 780 internis
2577 717 2798 781 diver-

474 839 697 883 sarum
765 818 1162 902 civitatium,
1233 817 1423 904 cujus
1489 824 1586 886 rei
1653 820 1815 886 mihi
1886 824 2074 886 testis
2145 828 2244 887 est
2316 823 2495 908 quod
2545 829 2802 888 statuas

470 933 914 1010 tyrannorum
982 927 1183 1011 Argis
1251 926 1473 992 denuo
1544 927 1774 1011 erexit,
1841 951 1995 993 cum
2042 928 2362 1013 dejiceret
2407 951 2639 994 eorum
2684 931 2802 1016 qui

469 1031 1031 1098 Acrocorinthum
1096 1040 1440 1120 ceperunt,
1512 1034 1710 1099 Arati
1778 1041 2059 1122 excepta
2104 1030 2174 1115 ¹).
2282 1035 2522 1122 Neque
2578 1037 2802 1101 minus

472 1138 859 1224 negligendi
934 1145 1091 1204 sunt
1156 1140 1441 1205 honores
1509 1140 1754 1227 quibus
1818 1164 1938 1206 rex
2001 1141 2283 1206 affectus
2330 1142 2436 1224 sit,
2501 1163 2689 1206 sacra
2734 1149 2803 1206 et

474 1266 784 1333 pompae,
831 1244 976 1310 ludi
1021 1247 1090 1310 in
1136 1246 1459 1312 honorem
1505 1247 1650 1333 ejus
1695 1247 1987 1312 instituti
2032 1248 2239 1312 etiam
2284 1248 2452 1313 haec
2498 1247 2805 1312 indicant

476 1374 629 1417 eum
692 1353 762 1416 in
807 1352 1007 1417 rebus
1055 1353 1391 1418 intestinis
1438 1375 1706 1440 quoque
1752 1354 1912 1419 satis
1960 1354 2360 1420 auctoritate
2411 1354 2706 1419 valuisse
2728 1354 2801 1440 2),

560 1458 875 1525 Profecto
958 1459 1031 1523 in
1112 1459 1312 1525 rebus
1381 1460 1673 1526 externis
1749 1461 1838 1525 ad
1905 1482 2329 1526 communem
2413 1461 2802 1526 societatem

474 1566 970 1655 pertinentibus
1038 1588 1157 1631 rex
1223 1574 1460 1654 utpote
1503 1589 1778 1654 praeses
1824 1567 2125 1653 synedrii
2171 1589 2422 1653 magna
2466 1572 2804 1655 potestate

472 1673 819 1761 praeditus
901 1678 1066 1755 erat,
1154 1673 1321 1738 adeo
1405 1679 1479 1738 ut
1562 1695 1667 1738 res
1746 1680 2064 1739 externae
2140 1695 2458 1760 magnam
2537 1680 2803 1761 partem

475 1802 515 1844 a
582 1778 722 1845 solo
789 1801 950 1866 rege
1034 1780 1684 1862 administrarentur,
1770 1802 1894 1846 nec
1963 1788 2193 1846 tamen
2264 1782 2408 1846 sine
2475 1780 2805 1847 sociorum

475 1907 822 1952 consensu.

561 1992 964 2058 Plutarchus
1023 1992 1215 2058 Arat.
1266 1995 1353 2058 45
1401 1995 1581 2059 enim
1627 1994 1860 2059 scribit
1906 1994 1991 2059 de
2037 1995 2362 2061 Achaeis:
2412 1993 2803 2075 ἐψηφίσαντο

479 2099 542 2163 δὲ
592 2098 767 2180 ἄλλῳ
816 2102 903 2179 μὴ
951 2099 1209 2180 γράφειν
1258 2099 1517 2177 βασιλεῖ
1553 2100 1709 2177 μηδὲ
1759 2101 2110 2180 πρεσβεύειν
2159 2103 2303 2182 πρὸς
2344 2101 2535 2166 ἄλλον
2559 2099 2805 2171 ἄκοντος

478 2205 848 2283 Ἀντιγόνου.
936 2208 1191 2273 Tamen
1275 2214 1352 2272 ut
1434 2230 1638 2295 supra
1718 2208 2256 2274 demonstratum
2324 2215 2424 2273 est
2493 2207 2806 2294 synedrio

483 2334 749 2401 quoque
796 2314 886 2379 ali
896 2320 1060 2400 quot
1098 2313 1256 2399 jura
1302 2335 1613 2380 concessa
1660 2322 1874 2379 erant.

564 2421 807 2508 Itaque
853 2421 1075 2486 dicere
1120 2420 1277 2485 licet
1343 2422 1800 2487 autonomiam
1862 2421 2146 2507 singuiis
2193 2422 2387 2488 sociis
2426 2444 2806 2488 concessam

478 2549 640 2610 esse,
710 2535 1043 2614 quatenus
1125 2528 1293 2593 haec
1373 2549 1511 2593 non
1579 2534 1921 2617 pugnaret
2001 2552 2156 2595 cum
2225 2529 2809 2595 administratione

478 2657 779 2701 summae
825 2635 1049 2702 totius.

565 2742 715 2808 Hoc
782 2743 1097 2828 synedrio
1166 2749 1394 2808 autem
1460 2741 1848 2829 Antigonus
1894 2742 2124 2809 Doson
2168 2742 2456 2832 perfecit
2509 2744 2582 2808 id
2628 2744 2809 2830 quod

481 2851 857 2915 decessores
943 2848 1104 2935 eju8,
1177 2850 1505 2938 imprimis
1589 2850 1976 2935 Antigonus
2045 2850 2347 2916 Gronatas
2406 2873 2529 2938 per
2596 2857 2810 2916 totam

479 2956 695 3021 vitam
754 2956 1075 3044 perficere
1139 2957 1363 3021 conati
1409 2963 1636 3041 erant3
1677 2979 1964 3042 regnum
2009 2956 2812 3023 Graeco-Macedonicum

474 3070 553 3128 ut
600 3063 722 3128 sub
769 3062 1086 3150 Philippo
1156 3069 1222 3127 et
1292 3061 1683 3129 Alexandro
1750 3070 2058 3148 steterat,
2137 3065 2223 3130 ab
2275 3086 2354 3129 eo
2420 3065 2809 3129 restitutum

478 3176 597 3253 est,
669 3176 737 3234 et
805 3190 966 3234 sane
1045 3169 1519 3236 confirmatum
1587 3176 1760 3236 esset
1831 3171 1904 3235 ni
1972 3171 2335 3238 immatura
2403 3192 2581 3236 mors
2655 3192 2810 3235 eum

478 3276 976 3364 absumpsisset.
1068 3278 1161 3341 Et
1205 3277 1466 3360 Graeci,
1514 3276 1631 3363 qui
1671 3275 1816 3361 jam
1861 3277 2022 3342 inde
2062 3300 2102 3341 a
2140 3279 2416 3344 Lamico
2463 3276 2641 3342 bello
2686 3299 2809 3364 pro

474 3382 789 3449 libertate
854 3389 1353 3471 pugnaverunt,
1445 3390 1591 3448 tota
1649 3383 1931 3449 historia
2006 3385 2189 3449 enim
2256 3385 2416 3450 inde
2488 3408 2528 3450 a
2595 3391 2810 3450 morte

478 3488 852 3555 Ale'xandri
923 3496 1190 3555 tantum
1256 3511 1394 3555 non
1464 3512 1600 3555 una
1660 3491 1981 3555 continua
2045 3491 2246 3555 series
2316 3497 2418 3556 est
2480 3490 2813 3575 bellorum

480 3604 762 3685 propter
804 3596 1187 3662 libertatem
1234 3605 1714 3684 susceptorum,
1762 3617 1917 3661 cum
1969 3598 2040 3661 in
2090 3618 2167 3661 eo
2215 3604 2436 3662 essent
2479 3604 2556 3661 ut
2600 3599 2814 3662 Arato

481 3705 652 3770 duce
698 3703 824 3769 hoc
867 3704 1145 3769 tandem
1193 3712 1707 3790 assequerentur
1750 3704 1932 3790 quod
1971 3704 2234 3768 tamdiu
2274 3704 2539 3788 assequi
2563 3702 2815 3768 frustra

477 3812 702 3877 conati
766 3817 1006 3894 essent,
1069 3811 1153 3876 ab
1214 3810 1332 3877 illo
1377 3811 1525 3899 ipso
1570 3810 1784 3878 Arato
1830 3811 2006 3877 hosti
2050 3811 2302 3898 proditi
2360 3818 2537 3893 sunt,
2585 3809 2811 3894 injun-

474 3924 730 4004 guntur
796 3918 1099 3983 societati
1166 3919 1236 3982 in
1305 3939 1441 4003 qua
1506 3940 1739 3983 omnes
1797 3918 1955 3984 socii
2017 3938 2230 4002 aequo
2274 3916 2427 4002 jure
2473 3922 2805 3981 steterunt

474 4025 770 4112 quidem,
840 4026 958 4090 sed
1023 4024 1132 4090 cui
1196 4024 1579 4112 praefectus
1665 4033 1811 4091 erat
1876 4046 2014 4108 rex,
2094 4024 2223 4105 cui,
2295 4025 2607 4110 quamvis
2675 4025 2803 4089 hoc

536 4382 582 4451 1)
619 4383 764 4437 mut.
802 4383 952 4437 Arat.
991 4381 1074 4436 45.

536 4471 583 4538 2>
621 4472 748 4526 ibid.
