3338 5350
1720 470 1806 535 66

592 689 664 730 re
701 687 856 730 cum
898 665 1272 752 hipparcho
1315 666 1624 752 congruit
1645 665 1727 749 ¹),
1777 666 1894 731 sed
1943 665 2181 731 eodem
2201 673 2506 753 tempore
2529 674 2607 731 ut
2639 668 2928 751 videtur,

592 794 892 837 summus
962 772 1100 836 dux
1145 770 1280 836 fuit
1326 773 1653 837 exercitus
1714 772 2013 839 universi
2072 773 2351 860 imperii,
2403 775 2582 859 quod
2631 771 2929 840 officium

594 879 818 945 effecit
862 886 939 943 ut
982 879 1214 945 omnes
1259 889 1564 967 satrapas
1611 886 1678 942 et
1711 866 2054 966 praetores
2100 885 2437 966 potestate
2483 887 2552 946 et
2599 883 2930 969 dignitate

593 991 898 1068 anteiret,
967 988 1221 1072 primus
1290 984 1499 1051 fuerit
1563 987 1864 1055 omnium
1954 987 2475 1070 magistratuum
2557 987 2681 1052 sub
2747 1009 2926 1072 rege.

590 1093 820 1159 Etiam
861 1100 1062 1157 antea
1107 1092 1241 1156 fuit
1291 1114 1591 1157 summus
1637 1092 2050 1180 hipparchus
2090 1092 2537 1176 hetaerorum,
2585 1094 2930 1159 Parmeni-

591 1201 737 1265 onis
777 1194 960 1263 'filius
1008 1198 1309 1265 Philotas
1359 1221 1572 1285 usque
1620 1198 1704 1263 ad
1754 1206 2039 1264 mortem
2087 1221 2266 1264 anno
2315 1201 2447 1275 330
2492 1201 2620 1266 hoc
2652 1223 2930 1266 munere

559 1303 862 1371 functus
910 1312 1010 1371 est
1034 1307 1101 1386 2).

675 1413 915 1498 Neque
957 1412 1128 1479 illud
1177 1412 1477 1478 officium
1520 1415 1718 1500 parvi
1756 1413 2079 1478 momenti
2121 1412 2288 1478 fuit:
2317 1437 2656 1480 summum
2679 1438 2926 1483 munus

587 1518 878 1584 militare
915 1522 986 1584 in
1030 1522 1285 1603 castris,
1334 1519 1707 1611 secundum
1752 1520 1974 1606 ipsum
2025 1520 2267 1584 ducem
2288 1518 2359 1606 3).

674 1626 1244 1712 Distinguendum
1288 1646 1514 1692 rursus
1562 1633 1664 1691 est
1712 1625 1796 1691 ab
1857 1626 2246 1713 hipparchis
2314 1627 2731 1714 singularum
2776 1631 2924 1719 hip-

586 1734 1036 1821 parchiarum‚
1085 1734 1328 1819 quibus
1373 1734 1728 1799 Perdiccas
1777 1734 2029 1821 aliique
2075 1733 2532 1800 interfuerunt
2555 1734 2625 1843 4).

675 1839 815 1906 Sed
858 1842 1136 1906 minime
1179 1842 1735 1907 confundendum
1781 1849 1882 1907 est
1930 1864 2084 1906 cum
2143 1842 2601 1908 chiliarchatu.
2655 1841 2728 1908 Si
2775 1845 2922 1932 hip-

584 1950 877 2037 parchus
945 1948 1293 2016 chiliarchi
1340 1947 1616 2014 titulum
1684 1949 1961 2036 accepit,
2033 1954 2182 2013 tum
2261 1971 2523 2014 summa
2590 1957 2924 2039 potestate

582 2058 930 2144 praeditus
977 2065 1138 2122 erat.
1188 2056 1353 2122 Post
1405 2055 1923 2143 Hephaestionis
1969 2062 2257 2121 mortem
2297 2055 2640 2123 chiliarchi
2686 2058 2923 2123 titulus

587 2171 652 2227 et
701 2165 994 2251 dignitas
1055 2185 1191 2229 non
1254 2162 1549 2249 amplius
1623 2163 1707 2227 ab
1753 2161 2144 2228 Alexandro
2216 2163 2287 2227 in
2338 2185 2746 2249 quemquam
2790 2165 2922 2231 col-

584 2271 727 2335 lata
774 2277 875 2336 est
897 2269 969 2357 5).

673 2374 867 2454 Quod
915 2377 1001 2442 ad
1050 2376 1706 2441 administrationem
1750 2398 1976 2440 rerum
2019 2375 2323 2441 civilium
2365 2377 2634 2464 imperii
2658 2379 2921 2462 attinet,

582 2484 765 2548 haud
833 2484 1116 2571 perinde
1178 2507 1257 2550 ac
1324 2484 1396 2548 in
1458 2483 1657 2548 rebus
1719 2482 2126 2549 militaribus
2173 2485 2607 2569 magistratus
2653 2491 2922 2572 praesto

471 2666 480 2677 ·
580 2589 712 2656 fuit
756 2592 886 2675 cui,
934 2613 1088 2656 cum
1132 2591 1278 2677 regi
1322 2591 1630 2679 proximo
1696 2591 1918 2677 gradu
1967 2590 2317 2677 dignitatis
2364 2597 2557 2674 esset,
2607 2592 2924 2657 universa

583 2720 688 2764 res
779 2699 1132 2764 commissa
1222 2705 1411 2776 esset,
1491 2705 1791 2764 attamen
1850 2698 1996 2782 jam
2063 2697 2185 2762 sub
2268 2698 2646 2763 Alexandri
2710 2720 2922 2784 regno

582 2805 775 2871 nobis
838 2828 1049 2870 unum
1098 2805 1482 2892 exemplum
1526 2810 1796 2892 praesto
1845 2810 1963 2886 est,
2016 2809 2083 2868 et
2127 2804 2194 2869 id
2244 2812 2400 2892 post
2447 2802 2588 2890 ejus
2636 2811 2923 2888 mortem

581 2913 812 3000 paullo
886 2912 1181 2979 crebrius
1243 2912 1500 2977 factum
1572 2918 1692 2995 est,
1763 2933 1967 2999 supra
2035 2917 2378 2998 praetores
2447 2912 2704 2998 aliquot
2769 2934 2920 2999 pro-

584 3020 958 3084 vinciarum
1007 3020 1214 3085 alium
1262 3020 1732 3104 magistratum
1777 3018 2075 3106 positum
2117 3039 2278 3101 esse,
2305 3016 2561 3103 maJ‘ore
2582 3024 2921 3106 potestate

582 3127 988 3213 praeditum,
1035 3125 1224 3212 cujus
1265 3125 1579 3213 auspiciis
1624 3130 1968 3213 praetores
2015 3123 2117 3188 illi
2162 3146 2266 3189 res
2317 3147 2468 3189 suas
2496 3125 2922 3190 administra·

582 3239 754 3316 rent,
835 3233 1069 3299 eodem
1116 3232 1314 3298 titulo
1359 3232 1699 3320 praetorio
1745 3232 2042 3317 quidem,
2092 3232 2206 3296 sed
2247 3252 2401 3296 cum
2453 3230 2920 3297 additamento

588 3339 1083 3426 „abvoxpoew‘oep'’.
1150 3338 1356 3425 Cujus
1401 3339 1500 3404 rei
1546 3339 1930 3427 exemplum
1978 3339 2051 3402 in
2088 3338 2363 3425 Europa
2402 3337 2598 3404 nobis
2640 3339 2922 3405 obvium

580 3453 699 3513 est.
751 3437 1038 3512 Thracia
1088 3446 1266 3511 enim
1314 3469 1354 3511 a
1395 3469 1512 3512 suo
1562 3453 1874 3534 praetore
1897 3444 2292 3531 regebatur;
2317 3444 2709 3510 Alexander
2731 3446 2918 3532 Lyn-

579 3560 762 3622 cesta
783 3557 831 3633 6)
879 3559 946 3619 et
984 3560 1137 3641 post
1186 3575 1338 3617 eum
1385 3554 1704 3618 Memnon
1754 3552 1948 3617 nobis
1994 3552 2140 3616 noti
2185 3557 2361 3635 sunt,
2405 3551 2521 3637 qui
2561 3573 2738 3617 anno
2785 3552 2923 3618 330

629 3811 676 3878 1)
713 3813 924 3866 Arrian·
965 3810 1013 3863 7.
1053 3811 1137 3864 14.
1177 3810 1258 3863 19.
1294 3810 1563 3873 χιλίαρχον
1602 3809 1690 3863 ἐπὶ
1724 3815 1787 3875 τῇ
1823 3811 1955 3873 ἵππῳ
1991 3814 2054 3875 τῇ
2093 3808 2311 3875 ἑταιρικῇ
2349 3807 2681 3877 Ἀλέξανδρος.

629 3900 678 3967 2)
715 3901 927 3954 Arrian-
969 3900 1015 3952 l.
1056 3900 1139 3953 24.
1179 3900 1227 3953 3.
1269 3904 1367 3948 τῶν
1405 3897 1612 3961 ἑταίρων
1647 3900 1943 3962 ἱππαρχίαν.

632 3988 679 4057 3)
715 3990 872 4044 Diod.
936 3988 1017 4042 18.
1076 3990 1124 4043 3.
1181 3989 1229 4042 4.
1286 3988 1375 4046 τὴν
1430 3990 1710 4051 ἶππαρχίαν
1764 3994 1859 4037 τῶν
1911 3987 2108 4051 ἑταίρων
2158 3986 2305 4039 οὖσαν
2343 3987 2760 4051 ἐπιφανεστάτην.
2834 3987 2921 4042 De

580 4078 771 4139 eadem
808 4096 883 4142 re,
921 4096 1118 4148 nempe
1154 4079 1222 4133 de
1260 4078 1537 4133 creatione
1575 4077 1792 4132 Seleuci
1828 4078 2026 4133 Justin.
2065 4078 2146 4131 13.
2187 4079 2236 4131 4.
2279 4078 2360 4131 17.
2408 4077 2568 4132 dicit:
2632 4094 2921 4146 „summus

579 4173 889 4223 castrorum
926 4169 1292 4232 tribunatus,’'
1337 4170 1592 4237 spectans
1630 4166 1703 4221 ad
1740 4156 2182 4236 hipparchatum,
2225 4183 2336 4221 non
2374 4166 2446 4221 ad
2477 4165 2917 4237 chiliarchatnm.

627 4254 675 4321 4)
712 4258 923 4312 Arrian.
962 4257 1011 4310 5.
1052 4258 1135 4310 12.
1175 4258 1241 4326 23
1278 4256 1326 4310 5.
1366 4257 1451 4309 22.
1496 4256 1558 4320 6;
1597 4256 1646 4309 6.
1691 4256 1740 4308 6.
1781 4256 1814 4308 4
1855 4259 1910 4309 et
1946 4257 1995 4309 6.

627 4343 675 4410 5)
714 4346 925 4402 Arrian.
967 4346 1014 4398 7.
1058 4346 1145 4401 14.
1185 4345 1269 4399 10.

625 4432 674 4503 6)
711 4436 926 4490 Arrian.
963 4437 1005 4488 1.
1049 4435 1133 4488 25.
1172 4434 1222 4487 3.
1261 4436 1516 4505 Droysen
1554 4434 1600 4487 1.
1643 4434 1691 4486 1.
1733 4432 1836 4486 118
1876 4450 1999 4488 ann.
2040 4434 2086 4490 1.
