3338 5350
1694 521 1823 587 128

587 716 846 782 bellum
909 739 1034 804 pro
1081 739 1160 783 eo
1204 718 1489 804 gerebat
1557 725 1796 784 contra
1839 719 2265 805 Antigonum
2311 727 2380 784 et
2424 718 2720 805 reliquos
2764 716 2929 785 Gas-

588 825 821 890 sandri
867 826 1080 890 socios
1125 833 1330 912 (supr.
1376 849 1443 913 p.
1497 827 1671 905 120).

675 933 983 998 Eventus
1026 940 1258 997 tamen
1304 932 1536 997 docuit
1593 955 1701 996 res
1746 932 2343 1020 Polysperchontis
2388 934 2549 999 inde
2597 934 2683 998 ab
2729 933 2931 999 initio

589 1041 976 1128 desperatas
1021 1039 1251 1104 fuisse.
1297 1040 1380 1104 In
1428 1039 1718 1105 Graecia
1762 1041 2033 1105 decreto
2084 1040 2229 1126 ejus
2266 1063 2556 1127 magnus
2594 1040 2930 1105 tumultus

585 1155 852 1212 coortus
937 1155 1056 1211 est.
1171 1145 1374 1212 Plebs
1457 1148 1771 1212 omnibus
1850 1146 1995 1212 fere
2080 1147 2243 1213 locis
2312 1149 2676 1213 seditiones
2739 1147 2927 1232 fecit,

584 1254 901 1319 hortante
978 1253 1554 1341 Polysperchonte
1641 1254 2053 1340 oligarohiae
2119 1255 2324 1341 Argis
2413 1255 2699 1342 aliimue
2742 1255 2929 1320 urbi·

585 1360 711 1426 bus
801 1361 1168 1448 pelluntur,
1259 1360 1573 1426 nonnulli
1633 1362 1875 1449 capitis
1945 1361 2377 1440 damnantur,
2451 1363 2632 1428 bona
2692 1384 2931 1429 eorum

584 1467 1022 1554 publicantur
1042 1469 1111 1550 ¹),
1181 1469 1435 1534 scilicet
1495 1476 1575 1534 ut
1640 1468 1770 1533 hoc
1834 1469 2035 1533 modo
2098 1467 2458 1534 Cassandri
2514 1476 2745 1556 partes
2807 1471 2927 1535 de-

584 1574 952 1640 bilitarent.
1059 1639 1072 1651 ,

672 1682 960 1748 Athenis
1007 1691 1241 1748 tamen
1286 1683 1375 1748 ad
1422 1690 1690 1770 tempus
1737 1684 1967 1748 omnia
1988 1684 2221 1769 quieta
2247 1690 2660 1768 manserunt,
2708 1684 2929 1749 donec

582 1789 973 1855 Alexander
1018 1790 1615 1878 Polysperchontis
1663 1790 1845 1855 filius
1894 1812 2049 1855 cum
2105 1812 2313 1855 manu
2356 1791 2671 1875 militum,
2717 1792 2925 1857 comi-

582 1896 888 1962 tantibus
959 1898 1222 1963 civibus
1290 1897 1599 1963 exulibus
1690 1899 2011 1984 omnique
2098 1919 2347 1984 genere
2413 1898 2766 1963 hominum
2835 1899 2925 1962 ad

585 2003 822 2068 urbem
864 2005 1197 2091 pervenit.
1248 2007 1422 2070 Tum
1468 2004 1745 2070 demum
1781 2003 2082 2070 Phocion
2100 2005 2499 2090 magistratu
2523 2005 2926 2069 deturbatus

584 2119 706 2193 est,
775 2110 1064 2176 salutem
1133 2113 1316 2200 apud
1385 2111 1854 2178 Alexandrum
1920 2113 2137 2199 petiit,
2208 2112 2324 2196 qui
2392 2132 2548 2176 eum
2606 2113 2790 2176 misit
2835 2112 2925 2176 ad

582 2225 850 2304 patrem
897 2218 985 2283 ad
1030 2218 1385 2305 Pharygas
1431 2225 1746 2284 stantem.

671 2324 806 2389 Hic
851 2332 1079 2390 autem
1124 2347 1280 2391 eum
1341 2326 1416 2390 in
1459 2324 1738 2391 vincula
1782 2325 2090 2410 conjecit,
2160 2346 2317 2390 cum
2369 2324 2648 2411 reliquis
2686 2326 2922 2390 amicis

580 2430 888 2496 Athenas
931 2433 1210 2515 remisit,
1279 2433 1397 2498 ubi
1456 2433 1700 2520 capitis
1744 2433 2126 2515 damnatus,
2196 2453 2463 2497 veneno
2523 2432 2925 2520 absumptus

582 2549 719 2621 est3
791 2539 1193 2622 DinarchuS,
1240 2539 1625 2627 praefectus
1673 2539 2125 2627 Peloponnesi
2169 2540 2294 2604 sub
2346 2539 2732 2626 Antipatro,
2773 2539 2925 2624 jam

583 2647 816 2712 statim
859 2648 932 2711 in
977 2648 1139 2735 ipsis
1185 2647 1420 2712 castris
1466 2669 1507 2712 a
1545 2645 2123 2734 Polysperehonte
2144 2653 2424 2712 necatus
2472 2653 2574 2713 est
2610 2651 2726 2729 (a⁰.
2744 2647 2922 2728 318).

673 2753 816 2818 Nec
860 2762 1093 2818 tamen
1139 2754 1503 2840 quiequam
1545 2753 1740 2841 plebs
1785 2755 1914 2819 hoc
1959 2753 2210 2819 scelere
2254 2753 2563 2842 profecit.
2624 2754 2927 2819 Nicanor

583 2862 787 2943 enim,
857 2882 1270 2946 quamquam
1313 2868 1601 2927 mortem
1645 2861 2006 2927 Phocionis
2048 2868 2479 2948 praevertere
2524 2882 2662 2926 non
2698 2863 2927 2948 potuit

586 2969 808 3033 adhuc
853 2990 998 3033 sese
1042 2969 1362 3033 sustinuit
1406 2969 1480 3033 in
1526 2967 1930 3034 stationibus
1976 2969 2062 3033 ab
2109 2989 2189 3034 eo
2227 2969 2591 3055 occupatiS,
2639 2967 2925 3033 Cassan—

583 3075 707 3140 dro
754 3082 982 3140 autem
1048 3076 1167 3160 qui
1214 3097 1297 3140 ex
1339 3074 1508 3140 Asia
1565 3076 1640 3138 in
1684 3074 2005 3140 Piraeum
2048 3075 2383 3162 pervenit,
2453 3075 2637 3140 hunc
2695 3075 2927 3141 locum

583 3182 1103 3246 custodiendum
1167 3182 1471 3247 tradidit.
1563 3180 2073 3269 Polysperchon
2122 3182 2269 3270 ipse
2314 3179 2570 3246 frustra
2612 3181 2927 3247 obsidere

582 3295 864 3353 conatus
911 3295 1014 3353 oet
1058 3288 1532 3370 Cassandrum,
1578 3295 1649 3352 et
1685 3288 1919 3375 inopia
1974 3294 2246 3353 coactus
2292 3293 2394 3352 est
2435 3285 2694 3352 infecta
2730 3309 2803 3352 re
2848 3288 2927 3352 in

583 3394 1128 3483 Peloponnesum
1173 3395 1459 3481 regredi,
1504 3416 1724 3481 parva
1769 3416 1977 3460 manu
2016 3394 2142 3459 sub
2180 3393 2573 3459 Alexandro
2593 3394 2668 3458 in
2690 3394 2929 3459 Attica
2992 3408 2999 3413 '

584 3501 837 3567 relicta.
886 3502 1151 3567 Deinde
1195 3501 1476 3567 consilia
1521 3524 1644 3567 sua
1690 3503 1964 3587 exsequi
2023 3507 2305 3566 conatus
2352 3507 2474 3583 est,
2518 3501 2929 3566 convocavit

583 3608 929 3695 synedros,
998 3629 1138 3674 non
1203 3608 1458 3696 priscos
1525 3610 1853 3695 synedros
1915 3608 2254 3674 societatis
2313 3604 2787 3672 Corinthiacae
2845 3614 2927 3672 ut

582 3715 899 3801 perhibet
950 3715 1157 3781 Niese
1204 3718 1261 3780 1.
1308 3715 1462 3798 244,
1533 3716 1788 3780 etenim
1845 3715 2015 3780 haec
2083 3714 2367 3780 societas
2432 3714 2582 3801 ipso
2642 3713 2926 3780 Lamico

583 3819 763 3886 bello
809 3822 1139 3888 dissoluta
1181 3830 1346 3906 erat,
1416 3844 1572 3888 cum
1640 3824 1919 3909 insuper
1962 3822 2299 3887 Diodorus
2349 3821 2452 3885 18.
2493 3822 2602 3886 69.
2650 3822 2692 3885 3
2739 3821 2927 3886 dicat

585 3950 742 3993 eum
811 3929 1119 4009 συνέδρους
1185 3951 1609 4014 convocasse,
1678 3930 1800 3995 ubi
1867 3930 2014 3994 sine
2082 3929 2289 3994 dubio
2349 3928 2724 4015 scripsisset
2785 3927 2926 3998 τοὺς

583 4036 895 4115 συνέδρους
940 4037 998 4100 si
1040 4038 1128 4101 ad
1172 4038 1469 4124 priscam
1514 4038 1907 4102 societatem
1955 4042 2340 4122 spectasset.
2434 4034 2696 4120 Injuria
2740 4035 2927 4099 enim

583 4143 786 4209 Niese
829 4144 871 4209 L
899 4143 944 4207 l.
990 4143 1305 4230 perhibet
1346 4143 1794 4231 Antipatrum
1830 4143 2220 4209 societatem
2257 4141 2448 4206 illam
2488 4149 2645 4228 post
2666 4140 2926 4206 bellum

585 4250 943 4316 Lamicum
985 4249 1327 4335 integram
1370 4272 1696 4332 servasse,
1745 4249 1927 4335 quod
1974 4248 2348 4315 dominatio
2388 4248 2827 4313 Macedonica
2846 4248 2925 4312 in

639 4484 686 4549 ι)
723 4483 881 4537 Diod.
923 4483 1006 4535 18.
1043 4483 1129 4534 57.
1171 4484 1217 4534 1.
