3338 5350
1668 506 1794 573 148

558 725 754 771 suum
821 727 1032 793 puero
1100 705 1387 789 cederet,
1456 705 1780 770 liberatus
1850 712 1969 770 est.
2034 705 2272 771 Altera
2316 707 2622 793 quaestio
2672 714 2900 772 autem

557 820 678 895 est,
748 836 913 877 num
970 813 1138 877 haec
1176 835 1355 877 mors
1398 814 1749 899 Antigono
1792 821 1989 899 grata
2034 812 2262 879 fuerit.
2309 815 2460 900 Ego
2505 837 2643 880 non
2689 815 2899 879 credi-

559 921 773 984 derim
820 942 1232 1005 quamquam
1278 921 1615 986 Diodorus
1668 922 1767 984 19.
1823 921 1971 985 105.
2020 922 2082 985 3.
2134 921 2488 986 confirmat
2527 922 2623 985 ita
2669 920 2895 985 fuisse.

555 1026 705 1092 Hoc
750 1027 998 1092 scelere
1045 1029 1226 1093 enim
1273 1029 1335 1092 ei
1379 1035 1811 1115 praetextum
1855 1029 2250 1114 ademptum
2296 1035 2416 1111 est,
2444 1049 2579 1113 quo
2614 1026 2896 1092 Cassan-

557 1135 754 1198 drum
798 1134 1159 1217 cohiberet,
1208 1157 1390 1199 nunc
1436 1136 1616 1199 enim
1638 1156 1777 1199 11011
1801 1134 2091 1222 amplius
2123 1136 2513 1200 universum
2540 1135 2900 1222 imperium

555 1240 929 1306 Alexandri
976 1241 1211 1307 heredi
1257 1241 1400 1326 ejus
1447 1242 1794 1308 vindicare
1836 1242 2081 1329 potuit,
2129 1241 2433 1330 profecto
2466 1243 2632 1306 haec
2655 1242 2895 1306 caedes

555 1370 694 1413 una
740 1370 825 1412 ex
870 1350 1088 1413 causis
1135 1355 1257 1432 est,
1306 1370 1480 1433 quae
1525 1348 1778 1414 bellum
1828 1371 2056 1414 rursus
2098 1350 2530 1414 exardescere
2569 1347 2894 1427 fecerunt.

558 1454 901 1533 Quantum
948 1462 1176 1520 autem
1222 1461 1524 1542 apparet,
1572 1454 2003 1520 Ptolemaeus
2048 1453 2183 1520 fuit
2219 1456 2623 1543 praecipuus
2665 1463 2899 1520 auctor

554 1560 719 1625 belli
785 1562 968 1647 quod
1013 1584 1169 1627 mox
1213 1563 1594 1628 insecutum
1638 1569 1757 1627 est.
1852 1562 1985 1645 Hic
2022 1563 2205 1626 enim
2246 1561 2515 1649 pepulit
2557 1562 2897 1649 praesidia

554 1670 886 1755 Antigoni
954 1691 1038 1734 ex
1106 1669 1366 1754 aliquot
1431 1670 1713 1735 urbibus
1781 1667 2080 1754 Ciliciae,
2149 1692 2317 1756 quas
2378 1676 2614 1735 contra
2657 1691 2896 1755 pacem

555 1778 913 1864 superioris
961 1776 1123 1841 611111
1167 1778 1240 1840 111
1284 1783 1622 1863 potestate
1671 1798 1793 1841 sua
1840 1777 2118 1842 tenebat
2143 1777 2215 1860 1).

644 1882 780 1949 Sed
826 1882 1051 1949 facere
1096 1905 1234 1949 non
1277 1905 1552 1970 possum
1600 1884 1766 1969 quin
1811 1884 2109 1971 suspicer
2145 1884 2649 1971 expeditionem
2691 1883 2895 1969 Poly-

556 1991 975 2078 sperchontis
1021 1998 1255 2057 contra
1300 1989 1756 2056 Cassandrum
1803 1992 1963 2055 anni
1986 1992 2121 2056 310
2146 1991 2516 2055 arctissime
2539 1990 2897 2056 cohaerere

553 2120 709 2163 cum
775 2099 982 2164 caede
1043 2097 1437 2163 Alexandri.
1530 2097 2039 2184 Polysperchon
2106 2098 2287 2162 enim
2346 2103 2513 2181 tunc
2574 2099 2896 2185 temporis

555 2206 1032 2272 dominabatur
1075 2204 1426 2270 Messenae
1473 2210 1542 2269 et
1584 2226 1799 2291 parvo
1844 2226 2055 2290 regno
2102 2204 2284 2291 quod
2320 2204 2449 2269 sibi
2473 2206 2898 2291 comparavit

553 2317 626 2380 in
672 2314 977 2396 Graecia,
1024 2314 1096 2376 in
1144 2334 1277 2397 quo
1324 2312 1492 2377 sitae
1537 2318 1734 2376 erant
1776 2310 2140 2377 Corinthus
2174 2317 2242 2375 et
2264 2309 2550 2398 Sicyon3
2575 2312 2897 2377 nimirum

554 2420 902 2486 metuebat
961 2440 1047 2484 ne
1108 2418 1560 2507 possessiones
1606 2418 1759 2484 illas
1804 2441 1928 2506 per
1971 2418 2253 2504 longum
2299 2425 2565 2505 tempus
2611 2425 2892 2502 teneret,

554 2549 707 2593 cum
752 2527 1008 2615 optime
1052 2525 1486 2612 intelligeret,
1534 2532 1770 2592 contra
1816 2525 2178 2591 Cassandri
2206 2526 2351 2591 vim
2396 2547 2539 2591 sese
2565 2526 2895 2591 sustinere

552 2656 690 2700 non
733 2656 948 2723 posse.
994 2673 1002 2693 ·
1040 2629 1451 2722 Expectavit
1495 2634 1775 2699 caedem
1819 2633 2135 2699 Roxanes
2183 2638 2253 2699 et
2317 2633 2496 2719 regis
2543 2633 2898 2699 offensioni

553 2741 698 2807 fore
743 2741 929 2829 plebi
977 2750 1045 2806 et
1089 2740 1430 2806 nobilitati
1475 2741 1937 2824 Macedoniae,
1997 2747 2064 2805 et
2108 2741 2237 2806 hac
2281 2741 2432 2828 ipsa
2475 2763 2548 2805 re
2595 2741 2898 2829 speravit

553 2847 698 2913 fore
744 2856 823 2914 ut
865 2871 1152 2935 regnum
1198 2870 1393 2913 suum
1436 2849 1868 2935 reciperaret,
1916 2850 2098 2935 quod
2147 2855 2572 2939 assecuturus
2618 2854 2811 2930 esset,
2840 2849 2899 2913 si

553 2955 1035 3029 Macedonibus
1082 2962 1494 3043 postremam
1539 2955 1917 3020 Alexandri
1961 2954 2264 3021 subolem
2311 2956 2713 3020 ostenderet.
2781 2955 2894 3020 Ad

552 3063 728 3128 hanc
795 3085 938 3127 rem
1006 3071 1338 3149 spectanS‚
1424 3062 1751 3147 juvenem
1840 3062 2202 3127 Heraclem
2291 3062 2609 3128 Barsines
2676 3062 2895 3127 filium

551 3170 927 3256 Lampsaco
997 3169 1400 3235 Corinthum
1469 3169 1837 3252 arcessivit,
1908 3170 2027 3255 qui
2095 3190 2250 3234 cum
2319 3177 2536 3234 matre
2604 3170 2691 3234 ad
2738 3191 2896 3234 eum

551 3277 883 3362 pervenit,
930 3275 1237 3364 profecto
1281 3277 1463 3341 haud
1511 3276 1723 3342 inscio
1769 3276 2138 3361 Antigono,
2187 3276 2305 3361 qui
2351 3276 2494 3341 sine
2520 3275 2726 3342 dubio
2749 3298 2896 3341 rem

552 3383 1041 3471 comprobavit,
1113 3404 1245 3468 quo
1315 3383 1445 3447 sibi
1506 3404 1725 3448 novus
1793 3382 2033 3447 titulus
2103 3391 2278 3447 esset
2337 3384 2583 3447 summi
2625 3384 2896 3470 imperii

555 3490 964 3554 vindicandi.
1020 3488 1527 3576 Polysperchon
1571 3489 1879 3554 Heraclis
1927 3489 2202 3554 nomine
2247 3489 2458 3554 socios
2506 3490 2594 3554 ad
2638 3488 2894 3554 bellum

553 3598 896 3681 evocavit,
943 3596 1174 3662 Aetoli
1219 3595 1470 3681 aliique
1516 3597 1580 3661 ei
1629 3597 1861 3661 statim
1922 3617 2179 3662 morem
2222 3602 2595 3682 gesserunt,
2645 3596 2895 3661 exerci-

554 3710 701 3769 tum
759 3703 1009 3788 viginti
1054 3703 1244 3768 milia
1288 3703 1599 3789 peditum
1646 3709 1715 3768 et
1761 3702 1947 3767 mille
1985 3704 2291 3789 equitum
2328 3702 2568 3788 coegit,
2619 3703 2894 3787 quibus-

553 3832 707 3876 cum
750 3833 875 3899 per
918 3810 1261 3876 Aetoliam
1307 3818 1375 3874 et
1419 3811 1709 3898 Epirum
1768 3808 2113 3897 profectus
2163 3816 2283 3891 est,
2341 3816 2421 3874 ut
2463 3832 2588 3897 per
2629 3814 2895 3874 montes

550 3916 987 4006 Tymphaeae
1049 3918 1123 3982 in
1168 3917 1642 3983 Macedoniam
1701 3922 2111 4004 penetraret.
2205 3917 2584 3982 Cassander
2643 3916 2706 3981 ei
2751 3916 2895 3980 illic

551 4024 826 4090 obviam
871 4025 1092 4090 factus
1139 4031 1259 4109 est,
1323 4025 1441 4089 sed
1509 4030 1875 4111 antequam
1920 4047 2026 4089 res
2072 4025 2159 4099 ad
2205 4046 2513 4110 pugnam
2556 4023 2892 4111 pervenit,

549 4131 662 4195 1116
708 4154 863 4197 611111
907 4131 1485 4218 Polysperchonte
1531 4152 1732 4216 agere
1792 4132 2033 4218 coepit,
2083 4131 2195 4195 cui
2236 4130 2652 4196 territorium
2696 4151 2897 4194 suum

547 4239 621 4302 in
667 4237 953 4304 Graecia
997 4239 1341 4324 integrum
1388 4237 1653 4322 obtulit,
1705 4238 1951 4303 deinde
1998 4238 2060 4302 ei
2092 4237 2421 4303 concessit
2439 4236 2895 4324 possessiones

608 4462 656 4530 1)
693 4463 849 4516 Diod.
889 4463 974 4516 20.
1015 4463 1097 4516 19.
1136 4464 1186 4515 4.
