3338 5350
1626 515 1669 578 5

584 711 931 777 Meliorem
1014 710 1085 774 in
1150 711 1426 775 modum
1489 711 1842 795 angustiae
1881 710 2067 775 Axii
2138 709 2436 775 fluminis
2503 710 2825 776 barbaros

497 818 817 883 arcebant
856 840 895 882 a
926 824 1121 905 parte
1154 816 1665 905 septentrionali
1694 816 2152 901 Macedoniae,
2192 818 2430 882 eodem
2466 816 2667 883 modo
2691 839 2824 903 quo

495 924 867 1011 Pelagonia
906 923 1454 1011 Septentrionem
1497 945 1732 989 versus
1759 924 2010 990 Scardo
2034 931 2266 990 monte
2290 925 2724 990 muniebatur
2748 922 2821 1005 1).

582 1032 736 1098 Uno
781 1038 1016 1097 tenore
1059 1032 1220 1103 inde
1268 1054 1309 1096 a
1357 1030 1611 1097 Scardo
1656 1038 1887 1097 monte
1933 1031 2285 1104 meridiem
2330 1054 2584 1116 versus,
2612 1030 2824 1118 porri-

493 1140 678 1225 gitur
725 1139 938 1204 altum
979 1138 1224 1225 jugum
1265 1138 1349 1203 ab
1398 1138 1655 1203 oriente
1699 1138 1888 1203 lacus
1911 1137 2360 1225 LychnitidiS,
2409 1138 2483 1202 in
2505 1160 2640 1224 quo
2656 1137 2825 1223 jugo

495 1247 677 1332 quod
724 1269 764 1310 a
809 1245 1226 1332 sequioribus
1272 1245 1660 1330 Pyrenaeus
1706 1251 2004 1329 vocatur,
2051 1245 2219 1310 situs
2247 1250 2347 1309 est
2370 1244 2593 1329 Pylon
2616 1244 2824 1309 vicus.

494 1351 605 1439 (cf.
657 1375 859 1440 supra
902 1374 1058 1440 pag.
1106 1352 1194 1435 2).
1236 1351 1392 1417 Uno
1415 1357 1685 1417 tantum
1707 1352 1853 1417 loco
1876 1352 2004 1417 hoc
2018 1351 2268 1438 jugum
2289 1350 2823 1437 interrumpitur,

492 1481 737 1547 nempe
802 1457 1111 1524 faucibus
1177 1458 1493 1523 Eordaici
1560 1458 1877 1541 fluminis,
1949 1480 2123 1544 quae
2192 1457 2450 1523 aditum
2520 1458 2687 1522 dant
2755 1457 2825 1520 in

497 1565 895 1649 Orestidem,
968 1565 1189 1630 adhuc
1255 1565 1695 1652 Epiroticam,
1743 1566 1905 1630 inde
1952 1565 2035 1630 ab
2082 1565 2186 1630 his
2235 1564 2547 1629 faucibus
2599 1569 2827 1628 autem

493 1674 677 1738 idem
741 1673 913 1738 illud
968 1672 1211 1758 jugum
1260 1672 1737 1738 disterminans
1803 1671 2180 1738 Orestidem
2226 1679 2294 1737 et
2337 1671 2824 1758 Tymphaeam,

494 1780 810 1846 universo
854 1780 1127 1845 nomine
1172 1779 1384 1865 Bojus
1430 1801 1624 1845 mons
1672 1779 2056 1867 appellatur
2093 1780 2167 1867 2).
2681 1846 2687 1857 ,

582 1887 937 1952 Meridiem
980 1909 1214 1952 versus
1263 1885 1664 1951 Macedonia
1690 1909 1730 1950 a
1759 1886 2107 1952 Thessalia
2133 1887 2642 1951 disterminatur
2655 1882 2824 1970 jugo

494 1994 825 2058 montium
871 1994 1053 2080 quod
1103 2016 1142 2059 a
1186 1993 1407 2059 Pindo
1455 1993 1787 2079 originem
1825 1992 2033 2058 habet
2058 1993 2108 2076 3)
2132 1991 2509 2059 Cambunio
2531 1992 2822 2075 nomine,

496 2100 581 2165 ab
652 2099 864 2165 altera
931 2108 1127 2188 parte
1191 2107 1416 2166 autem
1470 2100 1598 2166 hoc
1635 2100 1881 2188 jugum
1928 2124 2083 2167 cum
2129 2100 2421 2188 Olympo
2464 2100 2608 2185 jam
2655 2099 2827 2164 mari

491 2206 872 2295 propinquo
919 2207 1356 2294 conjungitur
1401 2208 1657 2273 Titario
1704 2215 1934 2274 monte
1971 2207 2042 2294 4).

579 2312 729 2379 Hoc
798 2315 999 2379 modo
1066 2315 1500 2401 pervenimus
1571 2316 1657 2380 ad
1730 2336 1879 2381 oras
1947 2316 2320 2380 maritimas
2388 2314 2826 2380 Macedoniae

491 2420 744 2486 cinctas
787 2442 1034 2486 corona
1077 2421 1348 2487 urbium
1396 2444 1435 2486 a
1473 2421 1749 2487 Graecis
1796 2423 2238 2506 conditarum,
2285 2444 2481 2509 quae,
2508 2421 2828 2506 quoniam

495 2526 747 2613 majore
800 2549 924 2614 pro
968 2535 1163 2615 parte
1209 2530 1313 2594 sui
1352 2529 1519 2616 juris
1546 2535 1759 2613 erant,
1783 2529 2055 2614 regibus
2081 2529 2519 2594 Macedoniae
2542 2527 2827 2615 impedi-

491 2641 721 2700 mento
767 2633 1062 2719 fuerunt,
1113 2635 1467 2721 quominus
1506 2657 1740 2702 omnes
1784 2642 1996 2702 terras
2044 2636 2133 2701 ad
2170 2657 2356 2701 mare
2380 2656 2591 2721 usque
2614 2656 2823 2722 regno

494 2764 613 2808 suo
660 2742 1128 2829 adjungerent.
1175 2742 1592 2832 Praecipuae
1636 2744 1880 2809 harum
1928 2743 2197 2808 urbium
2241 2743 2502 2808 omissis
2549 2741 2824 2829 reliquis

491 2849 770 2915 fuerunt
836 2851 1101 2937 Pydna,
1169 2850 1508 2932 Methone,
1555 2851 1859 2916 nondum
1904 2851 1977 2916 in
2027 2872 2220 2935 agros
2268 2872 2308 2915 a
2347 2850 2518 2915 mari
2554 2851 2824 2915 remoti-

493 2978 639 3022 ores
683 2957 1034 3037 translata,
1084 2964 1149 3023 et
1197 2957 1507 3023 Therma.

582 3065 826 3151 Pydna
872 3071 1097 3129 autem
1144 3064 1617 3130 verosimiliter
1664 3065 1750 3130 ab
1773 3065 2268 3130 Eretriensibus
2292 3064 2584 3149 condita,
2609 3062 2660 3153 5)
2678 3064 2825 3150 jam

494 3194 671 3236 anno
716 3172 846 3236 473
894 3171 1017 3236 sub
1044 3170 1435 3236 Alexandro
1460 3170 1884 3237 Philhellene
1908 3170 2346 3237 Macedonica
2370 3170 2502 3236 fuit
2528 3171 2579 3246 6)
2603 3194 2825 3258 neque

493 3285 651 3343 ante
710 3278 1071 3344 Perdiccae
1116 3285 1404 3344 mortem
1449 3301 1591 3343 sese
1636 3278 1711 3343 in
1755 3278 2142 3348 libertatem
2186 3279 2535 3344 vindicare
2579 3278 2821 3367 potuit,

490 3408 696 3472 quam
742 3384 826 3451 ob
850 3407 994 3451 rem
1015 3386 1193 3451 hanc
1216 3386 1455 3451 urbem
1479 3407 1658 3451 anno
1682 3387 1813 3450 429
1838 3384 2279 3450 Macedoniae
2304 3386 2820 3451 adnumeremus

492 3498 757 3579 oportet
786 3492 854 3575 7).

542 3753 590 3816 1)
631 3755 831 3810 Strabo
868 3755 987 3809 329.
1027 3757 1077 3810 4.
1115 3753 1178 3804 δι’
1216 3751 1275 3805 ὦν
1313 3757 1339 3805 ὁ
1376 3751 1537 3815 Ἀξιὸς
1572 3754 1680 3816 ῥέων
1716 3752 2022 3818 δυσείσβολον
2059 3759 2188 3805 ποιεῖ
2222 3723 2310 3814 τοῖν
2347 3753 2644 3805 Μακεδονίαν
2661 3752 2714 3804 ἐκ
2732 3759 2822 3815 τῆς

489 3844 738 3899 Παιονίας.
779 3843 979 3898 Strabo
1016 3844 1087 3897 l.l.
1128 3844 1194 3897 fr.
1235 3843 1316 3897 10.
1354 3844 1545 3913 Polyb.
1585 3843 1667 3897 28.
1709 3843 1758 3897 8.
1794 3845 1845 3898 3.
1884 3844 1998 3899 Liv.
2038 3845 2121 3898 44.
2164 3845 2254 3899 31.
2291 3843 2341 3898 5.

542 3932 593 3996 2)
631 3932 830 3987 Strabo
870 3932 974 3986 329
1009 3932 1073 3985 fr.
1112 3933 1162 3986 6.
1202 3928 1272 3982 ἔνι’
1304 3933 1393 3994 μὲν
1427 3929 1484 3991 δὴ
1518 3938 1654 3995 κοινῷ
1689 3933 1890 3995 ὀνόματι
1924 3935 2155 3985 καλεῖτοιι
2193 3936 2321 3984 Βοῖον
2356 3935 2415 3983 τὸ
2448 3930 2562 3996 ὅρος.

541 4020 588 4089 3)
627 4021 825 4077 Strabo
866 4021 987 4075 434.
1028 4022 1111 4075 12.

538 4110 588 4177 4)
627 4110 826 4166 Strabo
863 4111 984 4165 329.
1027 4112 1111 4166 14.
1147 4110 1244 4161 ἀπὸ
1278 4114 1367 4160 τοῦ
1402 4112 1635 4173 Τιταρίου
1667 4109 1795 4174 ’ὄρους
1830 4114 2082 4175 συμφυοῦς
2116 4117 2186 4175 τῷ
2224 4110 2459 4175 Ὀλύμπῳ
2500 4110 2528 4161 ὃ
2562 4109 2822 4161 κάντεῦθεν

486 4199 699 4263 ἄρχεται
736 4195 955 4263 διορίζειν
991 4202 1078 4260 τὴν
1116 4199 1413 4251 Μακεδονίαν
1450 4200 1546 4251 ἀπὸ
1583 4205 1673 4259 τῆς
1709 4202 2011 4257 Θετταλίας.

539 4290 590 4356 5)
627 4290 762 4344 Abel
799 4290 916 4345 160.

540 4377 591 4445 6)
629 4378 797 4433 Thuc.
838 4380 886 4433 1.
926 4380 1044 4435 137.
1084 4380 1131 4433 1.

541 4470 597 4534 7)
635 4469 782 4523 Abel.
823 4468 940 4523 195.
