3338 5350
1633 529 1760 595 164

449 723 454 724 f
528 723 635 788 his
699 722 1122 811 temporibus
1183 723 1570 808 utebantur,
1645 725 1761 790 sed
1809 725 1938 791 hoc
1980 747 2104 813 per
2150 748 2220 790 se
2264 747 2403 791 non
2450 733 2552 790 est
2596 727 2868 814 signum

526 831 1033 897 imbecillitatis.
1128 831 1307 897 Satis
1379 833 1560 897 enim
1628 833 1959 920 pecuniae
2019 838 2290 920 praesto
2358 833 2511 917 fuit,
2559 856 2694 919 qua
2739 834 2869 899 sibi

527 939 753 1002 omnia
802 947 1122 1026 pararent
1162 962 1339 1025 quae
1387 940 1473 1004 ad
1520 939 1776 1004 bellum
1819 940 1968 1005 usui
2017 947 2257 1005 essent.
2308 940 2503 1019 Quod
2552 943 2871 1028 apparuit

529 1066 708 1109 anno
755 1044 884 1109 287
934 1066 1088 1110 cum
1131 1068 1290 1133 pars
1336 1046 1660 1134 praesidii
1728 1070 1768 1111 a
1828 1047 2174 1112 Demetrio
2244 1048 2316 1111 in
2363 1048 2597 1114 Museo
2643 1049 2868 1135 positi,

527 1153 817 1238 pecunia
884 1160 1199 1241 corrupta
1270 1153 1357 1218 ad
1426 1152 1877 1219 Athenienses
1948 1153 2238 1238 transiit,
2305 1177 2481 1240 quae
2537 1176 2643 1219 res
2689 1157 2869 1221 vires

527 1258 940 1344 reliquorum
1006 1260 1106 1323 ita
1168 1258 1395 1346 fregit,
1467 1267 1546 1325 ut
1610 1260 1684 1324 hi
1753 1282 2021 1346 quoque
2091 1261 2306 1325 coacti
2355 1269 2575 1330 essent
2624 1285 2664 1326 a
2707 1284 2870 1348 rege

529 1364 834 1450 deficere,
883 1366 1137 1432 civium
1181 1367 1488 1454 partibus
1534 1366 1789 1433 favere.
1871 1391 1933 1433 v.
1982 1367 2441 1433 Wilamowitz
2486 1392 2552 1455 p.
2602 1371 2734 1435 205
2784 1371 2870 1434 de

526 1472 654 1536 hac
699 1495 773 1537 re
821 1473 1033 1538 dixit:
1091 1473 1365 1555 „Obwol
1415 1497 1576 1540 man
1616 1476 1770 1540 sehr
1815 1475 2190 1561 vorsichtig
2235 1475 2377 1540 sein
2401 1483 2674 1559 musste,
2725 1476 2867 1541 und

533 1581 798 1665 „wenig
842 1602 979 1646 von
1025 1580 1614 1668 Vorbereitungen
1668 1605 1755 1647 zu
1804 1590 2054 1670 spfiren
2099 1584 2205 1665 ist,
2257 1604 2329 1647 so
2374 1591 2647 1648 mussen
2696 1583 2870 1648 doch

534 1687 1074 1769 „bedentendere
1141 1689 1545 1755 Geldmittel
1614 1691 1758 1754 und
1832 1690 1942 1754 ein
2012 1690 2326 1755 ziemlich
2373 1690 2630 1755 durchd
2639 1690 2873 1756 achter

532 1795 747 1876 „Plan
791 1796 1204 1882 vorgelegen
1248 1796 1494 1880 haben,
1544 1797 1641 1862 als
1690 1798 1780 1861 im
1836 1794 2143 1862 Sommer
2179 1796 2309 1861 287
2359 1797 2469 1862 die
2493 1798 2868 1889 Nachricht

534 1923 708 1983 „von
757 1903 913 1967 dem
961 1902 1160 1968 Sturz
1209 1904 1327 1968 des
1371 1904 1757 1969 Demetrius
1826 1903 2001 1968 nach
2063 1904 2294 1968 Athen
2338 1904 2519 1987 kam,
2569 1904 2710 1968 und
2759 1904 2871 1968 ein

534 2008 928 2097 „sofortiges
997 2009 1463 2076 Aufflammen
1533 2011 1655 2075 der
1719 2010 2121 2098 Emporung
2182 2031 2305 2076 zur
2347 2010 2562 2097 Folge
2606 2010 2868 2076 hatte.”

526 2116 618 2180 Et
662 2116 872 2182 iidem
914 2117 1018 2181 illi
1060 2117 1310 2182 milites
1358 2117 1646 2182 Athenis
1694 2124 2106 2201 manserunt,
2156 2118 2505 2184 institutus
2546 2123 2647 2183 est
2682 2140 2867 2183 exer·

526 2222 698 2287 citus
745 2224 1358 2289 mercennariorum
1403 2224 1719 2308 militum,
1786 2226 1900 2310 qui
1946 2247 2164 2310 usque
2211 2225 2298 2290 ad
2346 2247 2601 2290 annum
2646 2225 2775 2289 281
2827 2247 2870 2288 a

526 2329 808 2395 civitate
876 2330 1076 2395 alitus
1145 2337 1265 2414 est,
1343 2336 1412 2395 et
1477 2330 1595 2395 ubi
1668 2332 1926 2397 occasio
1990 2331 2282 2397 dabatur
2354 2351 2629 2419 operam
2676 2353 2868 2396 suam

527 2436 868 2524 praestitit
909 2437 979 2521 1).
1096 2437 1358 2502 Horum
1426 2438 1723 2504 militum
1793 2438 2044 2503 auxilio
2113 2437 2256 2503 sine
2329 2438 2536 2504 dubio
2604 2438 2870 2503 Eleusis

526 2565 754 2625 rursus
821 2544 975 2608 urbi
1043 2545 1368 2630 adjuncta
1437 2552 1558 2628 est,
1627 2545 1969 2633 praesidia
2036 2544 2369 2630 Antigoni
2431 2568 2469 2610 e
2512 2545 2754 2610 Piraeo
2800 2551 2868 2609 et

525 2649 896 2738 Munychia
939 2653 1139 2740 pulsa
1184 2659 1361 2718 sunt.
1407 2653 1770 2718 Praeterea
1823 2659 2351 2718 consentaneum
2398 2658 2500 2718 est
2545 2652 2873 2740 suspicari

528 2759 733 2823 etiam
782 2779 905 2846 per
932 2763 1179 2853 ⁸omnia
1221 2760 1342 2824 illa
1386 2767 1695 2847 tempora
1740 2766 1995 2825 ceteros
2038 2781 2231 2845 reges
2278 2766 2610 2848 perpetuo
2656 2760 2869 2825 Athe·

525 2868 792 2933 nienses
839 2869 1024 2933 omni
1061 2891 1310 2955 genere
1350 2890 1576 2932 rerum
1626 2867 1986 2952 adjuvisse,
2035 2888 2174 2932 non
2211 2873 2354 2931 tam
2378 2868 2615 2932 ductos
2638 2888 2870 2932 amore

526 2972 971 3058 Athenarum,
1019 2997 1226 3061 quam
1272 2976 1427 3041 odio
1474 2975 1975 3060 Antigonidum
1995 2977 2066 3059 2).

607 3082 803 3160 ‚Quae
866 3103 1019 3146 cum
1065 3083 1164 3146 ita
1210 3081 1364 3165 sint,
1435 3103 1590 3146 cum
1635 3100 1837 3147 omne
1882 3103 2121 3166 genus·
2152 3081 2389 3146 auxilii
2434 3078 2866 3146 Atheniensi-

527 3187 653 3252 bus
718 3194 989 3275 praesto
1050 3194 1243 3272 esset,
1313 3187 1501 3254 nullo
1549 3189 1755 3253 modo
1808 3187 2117 3252 assentiri
2161 3209 2435 3275 possum
2482 3197 2561 3253 v0·
2607 3188 2680 3251 d⁰
2731 3209 2871 3253 van

529 3293 782 3360 Gel'der
826 3316 982 3359 cum
1030 3317 1096 3383 p.
1145 3295 1234 3360 38
1280 3295 1462 3360 dicat
1516 3294 1744 3376 „nulla
1793 3294 2053 3360 Graeca
2100 3294 2341 3359 civitas
2387 3296 2456 3359 in
2504 3294 2869 3360 diadocho-

534 3423 721 3487 „rum
769 3403 1105 3468 continuis
1151 3402 1346 3468 bellis
1394 3424 1609 3487 aeque
1652 3407 1918 3466 tentata
1962 3399 2206 3485 fuerat,
2253 3401 2445 3466 nulla
2488 3408 2653 3466 tunc
2698 3408 2868 3466 tem-

534 3508 751 3596 „poris
806 3514 950 3573 tam
997 3509 1339 3575 exhausta.
1432 3509 1720 3574 Accedit
1766 3509 1946 3593 quod
1992 3508 2350 3573 maritimis
2396 3508 2667 3574 Atticae
2712 3531 2868 3597 par-

537 3615 754 3692 „tibus
799 3621 1154 3681 truncatae
1201 3621 1395 3680 erant
1439 3612 1820 3681 Athenae.”
1913 3615 2061 3680 Hoc
2128 3621 2545 3702 postremum
2592 3615 2871 3701 quidem

527 3721 691 3809 ipsis
737 3720 936 3787 factis
983 3721 1339 3807 refutatur,
1386 3721 1668 3787 Piraeus
1714 3721 2236 3812 Atheniensium
2285 3728 2448 3806 erat,
2492 3728 2561 3787 et
2603 3722 2870 3788 Gallica

525 3827 880 3894 invasione
924 3828 1206 3894 classem
1254 3830 1340 3894 ad
1388 3828 1878 3916 Thermopylas
1923 3830 2270 3894 miserunt.

614 3936 876 4001 Eodem
919 3937 1121 4002 modo
1148 3936 1468 4023 Spartani
1489 3935 1926 4023 praecedenti
1952 3957 2130 4001 anno
2153 3956 2292 4000 non
2317 3935 2534 4000 solum
2557 3936 2867 4000 ostende-

525 4050 687 4108 runt
756 4065 827 4107 se
895 4043 1056 4107 satis
1123 4042 1352 4108 valere
1423 4044 1509 4108 ad
1583 4041 1837 4107 bellum
1901 4040 2422 4129 suscipiendum,
2488 4043 2606 4107 sed
2667 4040 2869 4106 simul

577 4300 626 4369 1)
661 4320 710 4356 v.
749 4302 1047 4357 Wilamow.
1085 4320 1138 4370 p.
1179 4302 1299 4356 205.

580 4389 626 4458 2)
666 4390 723 4445 C.
763 4392 803 4445 I.
839 4391 901 4445 A.
941 4393 1028 4446 IV.
1067 4392 1099 4445 2
1136 4409 1190 4461 p.
1228 4391 1312 4445 84.
1352 4390 1429 4444 n⁰.
1467 4390 1572 4443 309
1590 4392 1634 4443 b.
1675 4390 1936 4459 (Dittenb.
1957 4389 2093 4456 193)
2131 4388 2422 4443 C.I.A.II.
2448 4389 2568 4443 311.
2591 4389 2864 4454 (Dittenb.

530 4480 656 4546 194)
695 4480 750 4534 C.
790 4482 831 4533 I.
869 4481 928 4533 A.
969 4480 1035 4533 ΙΙ.
1075 4481 1194 4533 312.
1234 4480 1499 4544 (Dittenb.
1542 4479 1683 4545 195).
