<?xml version="1.0" encoding="UTF-8"?>
<!DOCTYPE html PUBLIC "-//W3C//DTD XHTML 1.0 Transitional//EN"
    "http://www.w3.org/TR/xhtml1/DTD/xhtml1-transitional.dtd">
<html xmlns="http://www.w3.org/1999/xhtml" xml:lang="en" lang="en">
 <head>
  <title>
</title>
<meta http-equiv="Content-Type" content="text/html;charset=utf-8" />
  <meta name='ocr-system' content='tesseract 3.04.00' />
  <meta name='ocr-capabilities' content='ocr_page ocr_carea ocr_par ocr_line ocrx_word'/>
</head>
<body>
  <div class='ocr_page' id='page_1' title='image "./definibusregnim01breegoog_0030.png"; bbox 0 0 3338 5350; ppageno 0'>
   <div class='ocr_carea' id='block_1_1' title="bbox 1719 514 1761 576">
    <p class='ocr_par' dir='ltr' id='par_1_1' title="bbox 1719 514 1761 576">
     <span class='ocr_line' id='line_1_1' title="bbox 1719 514 1761 576; baseline 0 0"><span class='ocrx_word' id='word_1_1' title='bbox 1719 514 1761 576; x_wconf 77' lang='lat'><strong>2</strong></span> 
     </span>
    </p>
   </div>
   <div class='ocr_carea' id='block_1_2' title="bbox 559 705 2902 3467">
    <p class='ocr_par' dir='ltr' id='par_1_2' title="bbox 561 705 2902 2377">
     <span class='ocr_line' id='line_1_2' title="bbox 564 705 2899 798; baseline 0.002 -27"><span class='ocrx_word' id='word_1_2' title='bbox 564 713 917 792; x_wconf 89' lang='lat' dir='ltr'>tamquam</span> <span class='ocrx_word' id='word_1_3' title='bbox 962 708 1150 790; x_wconf 87' lang='lat' dir='ltr'>regio</span> <span class='ocrx_word' id='word_1_4' title='bbox 1196 707 1636 773; x_wconf 79' lang='lat' dir='ltr'>Macedoniae</span> <span class='ocrx_word' id='word_1_5' title='bbox 1682 705 2053 791; x_wconf 86' lang='lat' dir='ltr'>Inferioris,</span> <span class='ocrx_word' id='word_1_6' title='bbox 2102 708 2352 773; x_wconf 90' lang='lat' dir='ltr'>deinde</span> <span class='ocrx_word' id='word_1_7' title='bbox 2374 711 2591 795; x_wconf 88' lang='lat' dir='ltr'>magis</span> <span class='ocrx_word' id='word_1_8' title='bbox 2617 709 2899 798; x_wconf 85' lang='lat' dir='ltr'>Septen-</span> 
     </span>
     <span class='ocr_line' id='line_1_3' title="bbox 564 813 2900 896; baseline 0.002 -19"><span class='ocrx_word' id='word_1_9' title='bbox 564 813 854 879; x_wconf 87' lang='lat' dir='ltr'>trionem</span> <span class='ocrx_word' id='word_1_10' title='bbox 897 836 1130 880; x_wconf 87' lang='lat' dir='ltr'>versus</span> <span class='ocrx_word' id='word_1_11' title='bbox 1175 813 1523 896; x_wconf 80' lang='lat' dir='ltr'>Bottiaea3</span> <span class='ocrx_word' id='word_1_12' title='bbox 1571 820 1740 896; x_wconf 87' lang='lat' dir='ltr'>tum,</span> <span class='ocrx_word' id='word_1_13' title='bbox 1795 816 2165 880; x_wconf 88' lang='lat' dir='ltr'>secundum</span> <span class='ocrx_word' id='word_1_14' title='bbox 2203 814 2457 881; x_wconf 81' lang='lat' dir='ltr'>Axium</span> <span class='ocrx_word' id='word_1_15' title='bbox 2480 816 2735 882; x_wconf 90' lang='lat' dir='ltr'>flumen</span> <span class='ocrx_word' id='word_1_16' title='bbox 2757 839 2900 882; x_wconf 87' lang='lat' dir='ltr'>sese</span> 
     </span>
     <span class='ocr_line' id='line_1_4' title="bbox 563 920 2902 1009; baseline 0.001 -24"><span class='ocrx_word' id='word_1_17' title='bbox 563 922 871 1007; x_wconf 87' lang='lat' dir='ltr'>porrigit,</span> <span class='ocrx_word' id='word_1_18' title='bbox 946 921 1033 985; x_wconf 88' lang='lat' dir='ltr'>ad</span> <span class='ocrx_word' id='word_1_19' title='bbox 1098 920 1362 985; x_wconf 88' lang='lat' dir='ltr'>Pellam</span> <span class='ocrx_word' id='word_1_20' title='bbox 1410 928 1477 985; x_wconf 88' lang='lat' dir='ltr'>et</span> <span class='ocrx_word' id='word_1_21' title='bbox 1523 942 1711 985; x_wconf 88' lang='lat' dir='ltr'>mare</span> <span class='ocrx_word' id='word_1_22' title='bbox 1756 942 1990 1007; x_wconf 88' lang='lat' dir='ltr'>usque,</span> <span class='ocrx_word' id='word_1_23' title='bbox 2042 930 2333 1007; x_wconf 87' lang='lat' dir='ltr'>angusta</span> <span class='ocrx_word' id='word_1_24' title='bbox 2376 923 2564 1008; x_wconf 91' lang='lat' dir='ltr'>regio</span> <span class='ocrx_word' id='word_1_25' title='bbox 2612 945 2652 987; x_wconf 90' lang='lat' dir='ltr'>a</span> <span class='ocrx_word' id='word_1_26' title='bbox 2696 930 2902 1009; x_wconf 88' lang='lat' dir='ltr'>gente</span> 
     </span>
     <span class='ocr_line' id='line_1_5' title="bbox 565 1026 2899 1116; baseline 0.001 -24"><span class='ocrx_word' id='word_1_27' title='bbox 565 1027 861 1113; x_wconf 86' lang='lat' dir='ltr'>quadam</span> <span class='ocrx_word' id='word_1_28' title='bbox 929 1026 1264 1093; x_wconf 89' lang='lat' dir='ltr'>Paeonica</span> <span class='ocrx_word' id='word_1_29' title='bbox 1335 1027 1663 1111; x_wconf 84' lang='lat' dir='ltr'>habitata,</span> <span class='ocrx_word' id='word_1_30' title='bbox 1737 1028 1845 1093; x_wconf 91' lang='lat' dir='ltr'>cui</span> <span class='ocrx_word' id='word_1_31' title='bbox 1890 1026 2327 1116; x_wconf 73' lang='lat' dir='ltr'>Amphaxitis</span> <span class='ocrx_word' id='word_1_32' title='bbox 2372 1051 2620 1095; x_wconf 90' lang='lat' dir='ltr'>nomen</span> <span class='ocrx_word' id='word_1_33' title='bbox 2665 1029 2800 1095; x_wconf 86' lang='lat' dir='ltr'>fuit</span> <span class='ocrx_word' id='word_1_34' title='bbox 2824 1035 2899 1113; x_wconf 80' lang='lat'>1).</span> 
     </span>
     <span class='ocr_line' id='line_1_6' title="bbox 565 1132 2902 1223; baseline 0.002 -25"><span class='ocrx_word' id='word_1_35' title='bbox 565 1133 912 1199; x_wconf 79' lang='lat' dir='ltr'>Orientem</span> <span class='ocrx_word' id='word_1_36' title='bbox 997 1156 1230 1199; x_wconf 87' lang='lat' dir='ltr'>versus</span> <span class='ocrx_word' id='word_1_37' title='bbox 1304 1134 1390 1199; x_wconf 88' lang='lat' dir='ltr'>ad</span> <span class='ocrx_word' id='word_1_38' title='bbox 1462 1132 1897 1220; x_wconf 70' lang='lat' dir='ltr'>Strymonem</span> <span class='ocrx_word' id='word_1_39' title='bbox 1964 1133 2218 1200; x_wconf 90' lang='lat' dir='ltr'>flumen</span> <span class='ocrx_word' id='word_1_40' title='bbox 2266 1159 2481 1223; x_wconf 88' lang='lat' dir='ltr'>usque</span> <span class='ocrx_word' id='word_1_41' title='bbox 2525 1136 2902 1223; x_wconf 82' lang='lat' dir='ltr'>Mygdonia</span> 
     </span>
     <span class='ocr_line' id='line_1_7' title="bbox 565 1241 2898 1330; baseline 0.001 -25"><span class='ocrx_word' id='word_1_42' title='bbox 565 1263 708 1305; x_wconf 90' lang='lat' dir='ltr'>sese</span> <span class='ocrx_word' id='word_1_43' title='bbox 776 1241 1098 1324; x_wconf 85' lang='lat' dir='ltr'>extendit,</span> <span class='ocrx_word' id='word_1_44' title='bbox 1171 1241 1244 1305; x_wconf 95' lang='lat' dir='ltr'>in</span> <span class='ocrx_word' id='word_1_45' title='bbox 1310 1248 1507 1328; x_wconf 85' lang='lat' dir='ltr'>parte</span> <span class='ocrx_word' id='word_1_46' title='bbox 1575 1241 2005 1307; x_wconf 79' lang='lat' dir='ltr'>meridionali</span> <span class='ocrx_word' id='word_1_47' title='bbox 2078 1242 2529 1330; x_wconf 89' lang='lat' dir='ltr'>complectens</span> <span class='ocrx_word' id='word_1_48' title='bbox 2587 1244 2898 1329; x_wconf 85' lang='lat' dir='ltr'>regiones</span> 
     </span>
     <span class='ocr_line' id='line_1_8' title="bbox 563 1347 2898 1436; baseline 0.001 -24"><span class='ocrx_word' id='word_1_49' title='bbox 563 1348 738 1413; x_wconf 91' lang='lat' dir='ltr'>circa</span> <span class='ocrx_word' id='word_1_50' title='bbox 784 1348 1048 1413; x_wconf 91' lang='lat' dir='ltr'>Bolben</span> <span class='ocrx_word' id='word_1_51' title='bbox 1092 1348 1317 1413; x_wconf 87' lang='lat' dir='ltr'>lacum</span> <span class='ocrx_word' id='word_1_52' title='bbox 1362 1349 1545 1413; x_wconf 87' lang='lat' dir='ltr'>sitas.</span> <span class='ocrx_word' id='word_1_53' title='bbox 1611 1347 1923 1414; x_wconf 86' lang='lat' dir='ltr'>Eordaea</span> <span class='ocrx_word' id='word_1_54' title='bbox 1958 1355 2105 1414; x_wconf 90' lang='lat' dir='ltr'>tum</span> <span class='ocrx_word' id='word_1_55' title='bbox 2152 1372 2193 1414; x_wconf 89' lang='lat' dir='ltr'>a</span> <span class='ocrx_word' id='word_1_56' title='bbox 2240 1350 2638 1436; x_wconf 79' lang='lat' dir='ltr'>Thucydide</span> <span class='ocrx_word' id='word_1_57' title='bbox 2684 1351 2898 1415; x_wconf 91' lang='lat' dir='ltr'>nomi-</span> 
     </span>
     <span class='ocr_line' id='line_1_9' title="bbox 563 1453 2899 1542; baseline 0.001 -23"><span class='ocrx_word' id='word_1_58' title='bbox 563 1461 727 1519; x_wconf 88' lang='lat' dir='ltr'>nata</span> <span class='ocrx_word' id='word_1_59' title='bbox 772 1454 858 1519; x_wconf 95' lang='lat' dir='ltr'>ab</span> <span class='ocrx_word' id='word_1_60' title='bbox 927 1454 1292 1520; x_wconf 79' lang='lat' dir='ltr'>Occidente</span> <span class='ocrx_word' id='word_1_61' title='bbox 1358 1453 1714 1520; x_wconf 87' lang='lat' dir='ltr'>Bottiaeae</span> <span class='ocrx_word' id='word_1_62' title='bbox 1758 1455 2130 1542; x_wconf 81' lang='lat' dir='ltr'>porrigitur</span> <span class='ocrx_word' id='word_1_63' title='bbox 2176 1478 2387 1541; x_wconf 89' lang='lat' dir='ltr'>usque</span> <span class='ocrx_word' id='word_1_64' title='bbox 2439 1456 2524 1521; x_wconf 87' lang='lat' dir='ltr'>ad</span> <span class='ocrx_word' id='word_1_65' title='bbox 2570 1457 2899 1521; x_wconf 83' lang='lat' dir='ltr'>Edessam</span> 
     </span>
     <span class='ocr_line' id='line_1_10' title="bbox 564 1559 2900 1648; baseline 0.001 -23"><span class='ocrx_word' id='word_1_66' title='bbox 564 1562 890 1648; x_wconf 88' lang='lat' dir='ltr'>oppidum</span> <span class='ocrx_word' id='word_1_67' title='bbox 935 1560 1079 1627; x_wconf 88' lang='lat' dir='ltr'>fere</span> <span class='ocrx_word' id='word_1_68' title='bbox 1100 1561 1166 1642; x_wconf 84' lang='grc'>2).</span> <span class='ocrx_word' id='word_1_69' title='bbox 1217 1561 1558 1648; x_wconf 83' lang='lat' dir='ltr'>Almopia,</span> <span class='ocrx_word' id='word_1_70' title='bbox 1612 1559 2160 1648; x_wconf 75' lang='lat' dir='ltr'>Septentrionem</span> <span class='ocrx_word' id='word_1_71' title='bbox 2207 1583 2442 1626; x_wconf 84' lang='lat' dir='ltr'>versus</span> <span class='ocrx_word' id='word_1_72' title='bbox 2490 1562 2771 1628; x_wconf 87' lang='lat' dir='ltr'>confinis</span> <span class='ocrx_word' id='word_1_73' title='bbox 2797 1570 2900 1628; x_wconf 87' lang='lat' dir='ltr'>est</span> 
     </span>
     <span class='ocr_line' id='line_1_11' title="bbox 562 1667 2897 1755; baseline 0.002 -24"><span class='ocrx_word' id='word_1_74' title='bbox 562 1667 1064 1755; x_wconf 82' lang='lat' dir='ltr'>Pelagoniae-et</span> <span class='ocrx_word' id='word_1_75' title='bbox 1086 1669 1444 1735; x_wconf 85' lang='lat' dir='ltr'>Paeoniae.</span> <span class='ocrx_word' id='word_1_76' title='bbox 1485 1667 1837 1733; x_wconf 82' lang='lat' dir='ltr'>Postremo</span> <span class='ocrx_word' id='word_1_77' title='bbox 1859 1667 2008 1733; x_wconf 93' lang='lat' dir='ltr'>loco</span> <span class='ocrx_word' id='word_1_78' title='bbox 2032 1667 2472 1733; x_wconf 84' lang='lat' dir='ltr'>nominantur</span> <span class='ocrx_word' id='word_1_79' title='bbox 2494 1668 2897 1754; x_wconf 78' lang='lat' dir='ltr'>AnthemuS,</span> 
     </span>
     <span class='ocr_line' id='line_1_12' title="bbox 565 1774 2897 1864; baseline 0.001 -25"><span class='ocrx_word' id='word_1_80' title='bbox 565 1774 913 1842; x_wconf 88' lang='lat' dir='ltr'>Crestonia</span> <span class='ocrx_word' id='word_1_81' title='bbox 956 1777 1028 1863; x_wconf 77' lang='lat'>³),</span> <span class='ocrx_word' id='word_1_82' title='bbox 1090 1777 1379 1842; x_wconf 83' lang='lat' dir='ltr'>Bisaltia</span> <span class='ocrx_word' id='word_1_83' title='bbox 1423 1775 1476 1858; x_wconf 74' lang='lat'>4)</span> <span class='ocrx_word' id='word_1_84' title='bbox 1523 1797 1728 1863; x_wconf 89' lang='lat' dir='ltr'>supra</span> <span class='ocrx_word' id='word_1_85' title='bbox 1777 1774 2212 1841; x_wconf 89' lang='lat' dir='ltr'>Chalcidicen</span> <span class='ocrx_word' id='word_1_86' title='bbox 2257 1776 2426 1841; x_wconf 88' lang='lat' dir='ltr'>sitae</span> <span class='ocrx_word' id='word_1_87' title='bbox 2474 1784 2544 1842; x_wconf 85' lang='lat' dir='ltr'>et</span> <span class='ocrx_word' id='word_1_88' title='bbox 2587 1777 2897 1864; x_wconf 89' lang='lat' dir='ltr'>regiones</span> 
     </span>
     <span class='ocr_line' id='line_1_13' title="bbox 562 1880 2896 1971; baseline 0.001 -25"><span class='ocrx_word' id='word_1_89' title='bbox 562 1883 864 1971; x_wconf 89' lang='lat' dir='ltr'>ipsorum</span> <span class='ocrx_word' id='word_1_90' title='bbox 931 1884 1380 1949; x_wconf 87' lang='lat' dir='ltr'>Macedonum</span> <span class='ocrx_word' id='word_1_91' title='bbox 1447 1883 1626 1947; x_wconf 83' lang='lat' dir='ltr'>inter</span> <span class='ocrx_word' id='word_1_92' title='bbox 1695 1880 1951 1947; x_wconf 84' lang='lat' dir='ltr'>Axium</span> <span class='ocrx_word' id='word_1_93' title='bbox 1997 1891 2066 1948; x_wconf 87' lang='lat' dir='ltr'>et</span> <span class='ocrx_word' id='word_1_94' title='bbox 2114 1880 2548 1968; x_wconf 83' lang='lat' dir='ltr'>Strymonem</span> <span class='ocrx_word' id='word_1_95' title='bbox 2593 1884 2896 1966; x_wconf 89' lang='lat' dir='ltr'>flumina,</span> 
     </span>
     <span class='ocr_line' id='line_1_14' title="bbox 563 1988 2898 2076; baseline -0 -21"><span class='ocrx_word' id='word_1_96' title='bbox 563 1989 979 2076; x_wconf 86' lang='lat' dir='ltr'>Mygdoniae</span> <span class='ocrx_word' id='word_1_97' title='bbox 1038 1990 1389 2072; x_wconf 87' lang='lat' dir='ltr'>finitimae,</span> <span class='ocrx_word' id='word_1_98' title='bbox 1456 1988 1979 2075; x_wconf 83' lang='lat' dir='ltr'>complectentes</span> <span class='ocrx_word' id='word_1_99' title='bbox 2048 1988 2343 2076; x_wconf 88' lang='lat' dir='ltr'>reliquos</span> <span class='ocrx_word' id='word_1_100' title='bbox 2422 2011 2623 2076; x_wconf 86' lang='lat' dir='ltr'>agros</span> <span class='ocrx_word' id='word_1_101' title='bbox 2683 2012 2898 2076; x_wconf 89' lang='lat' dir='ltr'>usque</span> 
     </span>
     <span class='ocr_line' id='line_1_15' title="bbox 563 2094 2898 2185; baseline 0 -23"><span class='ocrx_word' id='word_1_102' title='bbox 563 2097 650 2162; x_wconf 87' lang='lat' dir='ltr'>ad</span> <span class='ocrx_word' id='word_1_103' title='bbox 719 2096 1154 2162; x_wconf 85' lang='lat' dir='ltr'>Chalcidicen</span> <span class='ocrx_word' id='word_1_104' title='bbox 1217 2094 1710 2185; x_wconf 90' lang='lat' dir='ltr'>paeninsulam.</span> <span class='ocrx_word' id='word_1_105' title='bbox 1781 2096 1943 2183; x_wconf 87' lang='lat' dir='ltr'>Ipsa</span> <span class='ocrx_word' id='word_1_106' title='bbox 1990 2094 2393 2180; x_wconf 83' lang='lat' dir='ltr'>Chalcidice,</span> <span class='ocrx_word' id='word_1_107' title='bbox 2442 2097 2898 2185; x_wconf 89' lang='lat' dir='ltr'>geographice</span> 
     </span>
     <span class='ocr_line' id='line_1_16' title="bbox 562 2200 2898 2291; baseline -0 -21"><span class='ocrx_word' id='word_1_108' title='bbox 562 2204 890 2270; x_wconf 84' lang='lat' dir='ltr'>Thraciae</span> <span class='ocrx_word' id='word_1_109' title='bbox 941 2204 1396 2290; x_wconf 88' lang='lat' dir='ltr'>adjudicanda</span> <span class='ocrx_word' id='word_1_110' title='bbox 1440 2202 1513 2291; x_wconf 85' lang='lat'>5),</span> <span class='ocrx_word' id='word_1_111' title='bbox 1583 2223 1943 2289; x_wconf 87' lang='lat' dir='ltr'>conspersa</span> <span class='ocrx_word' id='word_1_112' title='bbox 1988 2200 2121 2265; x_wconf 80' lang='lat' dir='ltr'>fuit</span> <span class='ocrx_word' id='word_1_113' title='bbox 2166 2202 2442 2267; x_wconf 91' lang='lat' dir='ltr'>coloniis</span> <span class='ocrx_word' id='word_1_114' title='bbox 2483 2200 2898 2269; x_wconf 80' lang='lat' dir='ltr'>Graecorum</span> 
     </span>
     <span class='ocr_line' id='line_1_17' title="bbox 561 2311 1315 2377; baseline -0.004 0"><span class='ocrx_word' id='word_1_115' title='bbox 561 2311 855 2377; x_wconf 81' lang='lat' dir='ltr'>maxime</span> <span class='ocrx_word' id='word_1_116' title='bbox 901 2311 1315 2376; x_wconf 87' lang='lat' dir='ltr'>florentibus.</span> 
     </span>
    </p>

    <p class='ocr_par' dir='ltr' id='par_1_3' title="bbox 559 2415 2900 3467">
     <span class='ocr_line' id='line_1_18' title="bbox 579 2415 2899 2507; baseline -0.001 -25"><span class='ocrx_word' id='word_1_117' title='bbox 579 2501 587 2507; x_wconf 18' lang='grc' dir='ltr'><em>ῃ</em></span> <span class='ocrx_word' id='word_1_118' title='bbox 649 2417 776 2484; x_wconf 91' lang='lat' dir='ltr'>His</span> <span class='ocrx_word' id='word_1_119' title='bbox 864 2419 1285 2506; x_wconf 86' lang='lat' dir='ltr'>praecedunt</span> <span class='ocrx_word' id='word_1_120' title='bbox 1363 2417 1547 2505; x_wconf 87' lang='lat' dir='ltr'>apud</span> <span class='ocrx_word' id='word_1_121' title='bbox 1612 2415 2086 2502; x_wconf 83' lang='lat' dir='ltr'>Thucydidem</span> <span class='ocrx_word' id='word_1_122' title='bbox 2150 2422 2388 2502; x_wconf 90' lang='lat' dir='ltr'>gentes</span> <span class='ocrx_word' id='word_1_123' title='bbox 2457 2417 2899 2482; x_wconf 88' lang='lat' dir='ltr'>Macedoniae</span> 
     </span>
     <span class='ocr_line' id='line_1_19' title="bbox 565 2521 2899 2612; baseline 0 -24"><span class='ocrx_word' id='word_1_124' title='bbox 565 2521 964 2612; x_wconf 88' lang='lat' dir='ltr'>Superioris,</span> <span class='ocrx_word' id='word_1_125' title='bbox 1037 2526 1414 2611; x_wconf 87' lang='lat' dir='ltr'>Lyncestae</span> <span class='ocrx_word' id='word_1_126' title='bbox 1458 2523 1824 2589; x_wconf 85' lang='lat' dir='ltr'>Elimiotae</span> <span class='ocrx_word' id='word_1_127' title='bbox 1865 2522 2192 2607; x_wconf 88' lang='lat' dir='ltr'>aliaeque,</span> <span class='ocrx_word' id='word_1_128' title='bbox 2235 2522 2578 2608; x_wconf 89' lang='lat' dir='ltr'>subjectae</span> <span class='ocrx_word' id='word_1_129' title='bbox 2622 2523 2899 2608; x_wconf 88' lang='lat' dir='ltr'>quidem</span> 
     </span>
     <span class='ocr_line' id='line_1_20' title="bbox 565 2630 2900 2719; baseline -0.001 -21"><span class='ocrx_word' id='word_1_130' title='bbox 565 2637 635 2698; x_wconf 89' lang='lat' dir='ltr'>et</span> <span class='ocrx_word' id='word_1_131' title='bbox 704 2631 1064 2718; x_wconf 88' lang='lat' dir='ltr'>adjunctae</span> <span class='ocrx_word' id='word_1_132' title='bbox 1130 2631 1593 2716; x_wconf 85' lang='lat' dir='ltr'>Macedoniae,</span> <span class='ocrx_word' id='word_1_133' title='bbox 1659 2636 1894 2696; x_wconf 84' lang='lat' dir='ltr'>tamen</span> <span class='ocrx_word' id='word_1_134' title='bbox 1955 2652 2171 2717; x_wconf 90' lang='lat' dir='ltr'>regna</span> <span class='ocrx_word' id='word_1_135' title='bbox 2216 2630 2486 2717; x_wconf 87' lang='lat' dir='ltr'>singula</span> <span class='ocrx_word' id='word_1_136' title='bbox 2533 2630 2900 2719; x_wconf 88' lang='lat' dir='ltr'>separatim</span> 
     </span>
     <span class='ocr_line' id='line_1_21' title="bbox 559 2737 2898 2825; baseline -0.001 -21"><span class='ocrx_word' id='word_1_137' title='bbox 559 2740 909 2805; x_wconf 80' lang='lat' dir='ltr'>habentes,</span> <span class='ocrx_word' id='word_1_138' title='bbox 979 2740 1358 2825; x_wconf 88' lang='lat' dir='ltr'>Lyncestae</span> <span class='ocrx_word' id='word_1_139' title='bbox 1406 2745 1633 2804; x_wconf 90' lang='lat' dir='ltr'>autem</span> <span class='ocrx_word' id='word_1_140' title='bbox 1678 2737 1995 2802; x_wconf 85' lang='lat' dir='ltr'>habitant</span> <span class='ocrx_word' id='word_1_141' title='bbox 2038 2738 2349 2823; x_wconf 89' lang='lat' dir='ltr'>regiones</span> <span class='ocrx_word' id='word_1_142' title='bbox 2396 2738 2481 2802; x_wconf 93' lang='lat' dir='ltr'>ab</span> <span class='ocrx_word' id='word_1_143' title='bbox 2532 2737 2898 2803; x_wconf 88' lang='lat' dir='ltr'>Occidente</span> 
     </span>
     <span class='ocr_line' id='line_1_22' title="bbox 560 2842 2897 2935; baseline -0.002 -23"><span class='ocrx_word' id='word_1_144' title='bbox 560 2848 931 2931; x_wconf 89' lang='lat' dir='ltr'>Eordaeae,</span> <span class='ocrx_word' id='word_1_145' title='bbox 993 2847 1112 2912; x_wconf 92' lang='lat' dir='ltr'>ubi</span> <span class='ocrx_word' id='word_1_146' title='bbox 1170 2853 1407 2935; x_wconf 88' lang='lat' dir='ltr'>postea</span> <span class='ocrx_word' id='word_1_147' title='bbox 1470 2845 1745 2911; x_wconf 84' lang='lat' dir='ltr'>condita</span> <span class='ocrx_word' id='word_1_148' title='bbox 1788 2849 1891 2909; x_wconf 89' lang='lat' dir='ltr'>est</span> <span class='ocrx_word' id='word_1_149' title='bbox 1936 2844 2097 2909; x_wconf 91' lang='lat' dir='ltr'>urbs</span> <span class='ocrx_word' id='word_1_150' title='bbox 2142 2842 2476 2909; x_wconf 88' lang='lat' dir='ltr'>Heraclea</span> <span class='ocrx_word' id='word_1_151' title='bbox 2519 2844 2897 2930; x_wconf 85' lang='lat' dir='ltr'>Lyncestis,</span> 
     </span>
     <span class='ocr_line' id='line_1_23' title="bbox 562 2949 2898 3038; baseline -0.001 -19"><span class='ocrx_word' id='word_1_152' title='bbox 562 2953 740 3019; x_wconf 87' lang='lat' dir='ltr'>circa</span> <span class='ocrx_word' id='word_1_153' title='bbox 782 2953 1084 3019; x_wconf 88' lang='lat' dir='ltr'>Barnum</span> <span class='ocrx_word' id='word_1_154' title='bbox 1126 2959 1427 3019; x_wconf 84' lang='lat' dir='ltr'>montem</span> <span class='ocrx_word' id='word_1_155' title='bbox 1471 2974 1688 3038; x_wconf 86' lang='lat' dir='ltr'>usque</span> <span class='ocrx_word' id='word_1_156' title='bbox 1734 2952 1821 3017; x_wconf 88' lang='lat' dir='ltr'>ad</span> <span class='ocrx_word' id='word_1_157' title='bbox 1866 2949 2198 3036; x_wconf 91' lang='lat' dir='ltr'>Pylonem</span> <span class='ocrx_word' id='word_1_158' title='bbox 2245 2951 2475 3016; x_wconf 84' lang='lat' dir='ltr'>vicum</span> <span class='ocrx_word' id='word_1_159' title='bbox 2496 2951 2571 3016; x_wconf 93' lang='lat' dir='ltr'>in</span> <span class='ocrx_word' id='word_1_160' title='bbox 2591 2950 2898 3016; x_wconf 87' lang='lat' dir='ltr'>terminis</span> 
     </span>
     <span class='ocr_line' id='line_1_24' title="bbox 562 3057 2897 3175; baseline -0.001 -50"><span class='ocrx_word' id='word_1_161' title='bbox 562 3061 991 3147; x_wconf 90' lang='lat' dir='ltr'>Lyncestidis</span> <span class='ocrx_word' id='word_1_162' title='bbox 1038 3061 1262 3145; x_wconf 86' lang='lat' dir='ltr'>situm,</span> <span class='ocrx_word' id='word_1_163' title='bbox 1309 3059 1534 3125; x_wconf 90' lang='lat' dir='ltr'>lacum</span> <span class='ocrx_word' id='word_1_164' title='bbox 1577 3057 2063 3144; x_wconf 84' lang='lat' dir='ltr'>Lychnitidem</span> <span class='ocrx_word' id='word_1_165' title='bbox 2109 3078 2361 3142; x_wconf 86' lang='lat' dir='ltr'>versus,</span> <span class='ocrx_word' id='word_1_166' title='bbox 2414 3080 2453 3123; x_wconf 89' lang='lat' dir='ltr'>a</span> <span class='ocrx_word' id='word_1_167' title='bbox 2497 3079 2629 3144; x_wconf 90' lang='lat' dir='ltr'>quo</span> <span class='ocrx_word' id='word_1_168' title='bbox 2676 3078 2897 3175; x_wconf 88' lang='lat' dir='ltr'>segre-</span> 
     </span>
     <span class='ocr_line' id='line_1_25' title="bbox 559 3162 2900 3253; baseline -0.002 -20.991"><span class='ocrx_word' id='word_1_169' title='bbox 559 3173 811 3253; x_wconf 82' lang='lat' dir='ltr'>gantur</span> <span class='ocrx_word' id='word_1_170' title='bbox 866 3165 1036 3253; x_wconf 86' lang='lat' dir='ltr'>jugo</span> <span class='ocrx_word' id='word_1_171' title='bbox 1096 3166 1450 3232; x_wconf 89' lang='lat' dir='ltr'>montium.</span> <span class='ocrx_word' id='word_1_172' title='bbox 1511 3167 1779 3231; x_wconf 91' lang='lat' dir='ltr'>Nomen</span> <span class='ocrx_word' id='word_1_173' title='bbox 1827 3171 2055 3231; x_wconf 88' lang='lat' dir='ltr'>autem</span> <span class='ocrx_word' id='word_1_174' title='bbox 2101 3165 2456 3250; x_wconf 83' lang='lat' dir='ltr'>antiquum</span> <span class='ocrx_word' id='word_1_175' title='bbox 2504 3163 2705 3249; x_wconf 86' lang='lat' dir='ltr'>hujus</span> <span class='ocrx_word' id='word_1_176' title='bbox 2744 3162 2900 3250; x_wconf 86' lang='lat' dir='ltr'>jugi</span> 
     </span>
     <span class='ocr_line' id='line_1_26' title="bbox 563 3270 2897 3359; baseline -0.002 -20"><span class='ocrx_word' id='word_1_177' title='bbox 563 3280 857 3339; x_wconf 87' lang='lat' dir='ltr'>aetatem</span> <span class='ocrx_word' id='word_1_178' title='bbox 902 3295 1042 3340; x_wconf 94' lang='lat' dir='ltr'>non</span> <span class='ocrx_word' id='word_1_179' title='bbox 1085 3272 1263 3357; x_wconf 89' lang='lat' dir='ltr'>tulit,</span> <span class='ocrx_word' id='word_1_180' title='bbox 1313 3272 1686 3359; x_wconf 86' lang='lat' dir='ltr'>Byzantini</span> <span class='ocrx_word' id='word_1_181' title='bbox 1710 3294 1865 3338; x_wconf 88' lang='lat' dir='ltr'>eum</span> <span class='ocrx_word' id='word_1_182' title='bbox 1888 3270 2316 3358; x_wconf 89' lang='lat' dir='ltr'>Pyrenaeum</span> <span class='ocrx_word' id='word_1_183' title='bbox 2338 3277 2638 3337; x_wconf 87' lang='lat' dir='ltr'>montem</span> <span class='ocrx_word' id='word_1_184' title='bbox 2667 3270 2897 3359; x_wconf 89' lang='lat' dir='ltr'>appel-</span> 
     </span>
     <span class='ocr_line' id='line_1_27' title="bbox 561 3378 2900 3467; baseline -0.001 -22"><span class='ocrx_word' id='word_1_185' title='bbox 561 3381 710 3446; x_wconf 87' lang='lat' dir='ltr'>lant</span> <span class='ocrx_word' id='word_1_186' title='bbox 751 3380 829 3467; x_wconf 81' lang='lat'>6).</span> <span class='ocrx_word' id='word_1_187' title='bbox 875 3380 1215 3448; x_wconf 86' lang='lat' dir='ltr'>Elimiotis</span> <span class='ocrx_word' id='word_1_188' title='bbox 1263 3380 1556 3446; x_wconf 88' lang='lat' dir='ltr'>secundo</span> <span class='ocrx_word' id='word_1_189' title='bbox 1603 3380 1752 3446; x_wconf 92' lang='lat' dir='ltr'>loco</span> <span class='ocrx_word' id='word_1_190' title='bbox 1798 3379 2171 3462; x_wconf 87' lang='lat' dir='ltr'>nominata,</span> <span class='ocrx_word' id='word_1_191' title='bbox 2219 3378 2567 3444; x_wconf 83' lang='lat' dir='ltr'>invenitur</span> <span class='ocrx_word' id='word_1_192' title='bbox 2610 3379 2682 3442; x_wconf 91' lang='lat' dir='ltr'>in</span> <span class='ocrx_word' id='word_1_193' title='bbox 2703 3383 2900 3466; x_wconf 89' lang='lat' dir='ltr'>parte</span> 
     </span>
    </p>
   </div>
   <div class='ocr_carea' id='block_1_3' title="bbox 565 3519 987 3525">
    <p class='ocr_par' dir='ltr' id='par_1_4' title="bbox 565 3519 987 3525">
     <span class='ocr_line' id='line_1_28' title="bbox 565 3519 987 3525; baseline 0 0"><span class='ocrx_word' id='word_1_194' title='bbox 565 3519 987 3525; x_wconf 95' lang='lat' dir='ltr'> </span> 
     </span>
    </p>
   </div>
   <div class='ocr_carea' id='block_1_4' title="bbox 556 3572 2901 4532">
    <p class='ocr_par' dir='ltr' id='par_1_5' title="bbox 558 3572 2897 3733">
     <span class='ocr_line' id='line_1_29' title="bbox 611 3572 2897 3646; baseline -0.002 -18"><span class='ocrx_word' id='word_1_195' title='bbox 611 3577 657 3646; x_wconf 81' lang='lat'>1)</span> <span class='ocrx_word' id='word_1_196' title='bbox 697 3578 896 3632; x_wconf 81' lang='lat' dir='ltr'>Strabo</span> <span class='ocrx_word' id='word_1_197' title='bbox 935 3577 1055 3631; x_wconf 83' lang='lat'>329.</span> <span class='ocrx_word' id='word_1_198' title='bbox 1093 3578 1157 3631; x_wconf 85' lang='lat' dir='ltr'>fr.</span> <span class='ocrx_word' id='word_1_199' title='bbox 1198 3578 1282 3631; x_wconf 89' lang='lat'>11.</span> <span class='ocrx_word' id='word_1_200' title='bbox 1320 3581 1526 3635; x_wconf 78' lang='grc' dir='ltr'><strong><em>Παίονες</em></strong></span> <span class='ocrx_word' id='word_1_201' title='bbox 1563 3577 1614 3628; x_wconf 77' lang='grc' dir='ltr'>δὲ</span> <span class='ocrx_word' id='word_1_202' title='bbox 1657 3578 1729 3625; x_wconf 70' lang='grc' dir='ltr'>τὰ</span> <span class='ocrx_word' id='word_1_203' title='bbox 1766 3577 1870 3638; x_wconf 74' lang='grc' dir='ltr'>περὶ</span> <span class='ocrx_word' id='word_1_204' title='bbox 1904 3578 1987 3625; x_wconf 79' lang='grc' dir='ltr'>τόν</span> <span class='ocrx_word' id='word_1_205' title='bbox 2025 3572 2184 3637; x_wconf 80' lang='grc' dir='ltr'><strong><em>Ἀξιὸν</em></strong></span> <span class='ocrx_word' id='word_1_206' title='bbox 2203 3576 2425 3637; x_wconf 75' lang='grc' dir='ltr'><strong><em>ποταμὸν</em></strong></span> <span class='ocrx_word' id='word_1_207' title='bbox 2444 3574 2531 3625; x_wconf 74' lang='grc' dir='ltr'>καὶ</span> <span class='ocrx_word' id='word_1_208' title='bbox 2549 3576 2636 3632; x_wconf 69' lang='grc' dir='ltr'>τὴν</span> <span class='ocrx_word' id='word_1_209' title='bbox 2656 3573 2897 3636; x_wconf 78' lang='grc' dir='ltr'><strong><em>καλουμέ-</em></strong></span> 
     </span>
     <span class='ocr_line' id='line_1_30' title="bbox 558 3663 1305 3733; baseline 0.003 -18"><span class='ocrx_word' id='word_1_210' title='bbox 558 3684 637 3723; x_wconf 73' lang='grc' dir='ltr'>νην</span> <span class='ocrx_word' id='word_1_211' title='bbox 673 3663 757 3715; x_wconf 70' lang='grc' dir='ltr'>διὰ</span> <span class='ocrx_word' id='word_1_212' title='bbox 792 3672 942 3717; x_wconf 75' lang='grc' dir='ltr'><strong><em>τοῦτο</em></strong></span> <span class='ocrx_word' id='word_1_213' title='bbox 979 3666 1305 3733; x_wconf 77' lang='grc' dir='ltr'>Ἀμφαξῒτιν.</span> 
     </span>
    </p>

    <p class='ocr_par' dir='ltr' id='par_1_6' title="bbox 608 3754 1530 3822">
     <span class='ocr_line' id='line_1_31' title="bbox 608 3754 1530 3822; baseline -0.003 -13"><span class='ocrx_word' id='word_1_214' title='bbox 608 3754 665 3822; x_wconf 82' lang='grc'>2)</span> <span class='ocrx_word' id='word_1_215' title='bbox 706 3754 907 3810; x_wconf 79' lang='lat' dir='ltr'>Strabo</span> <span class='ocrx_word' id='word_1_216' title='bbox 944 3754 1064 3809; x_wconf 86' lang='lat'>323.</span> <span class='ocrx_word' id='word_1_217' title='bbox 1106 3754 1317 3809; x_wconf 83' lang='lat' dir='ltr'>Plinius</span> <span class='ocrx_word' id='word_1_218' title='bbox 1354 3756 1405 3808; x_wconf 88' lang='lat'>4.</span> <span class='ocrx_word' id='word_1_219' title='bbox 1448 3755 1530 3808; x_wconf 83' lang='lat'>17.</span> 
     </span>
    </p>

    <p class='ocr_par' dir='ltr' id='par_1_7' title="bbox 559 3839 2901 3995">
     <span class='ocr_line' id='line_1_32' title="bbox 610 3839 2901 3910; baseline -0.003 -13"><span class='ocrx_word' id='word_1_220' title='bbox 610 3843 658 3910; x_wconf 86' lang='lat'>3)</span> <span class='ocrx_word' id='word_1_221' title='bbox 695 3845 897 3899; x_wconf 81' lang='lat' dir='ltr'>Herod.</span> <span class='ocrx_word' id='word_1_222' title='bbox 936 3844 985 3897; x_wconf 83' lang='lat'>7.</span> <span class='ocrx_word' id='word_1_223' title='bbox 1025 3844 1144 3897; x_wconf 91' lang='lat'>124.</span> <span class='ocrx_word' id='word_1_224' title='bbox 1207 3841 1490 3907; x_wconf 80' lang='grc' dir='ltr'><strong><em>Ἐχείδωρον</em></strong></span> <span class='ocrx_word' id='word_1_225' title='bbox 1518 3842 1571 3904; x_wconf 70' lang='grc' dir='ltr'>’ὃς</span> <span class='ocrx_word' id='word_1_226' title='bbox 1606 3840 1661 3892; x_wconf 79' lang='grc' dir='ltr'>ἐκ</span> <span class='ocrx_word' id='word_1_227' title='bbox 1702 3844 2044 3904; x_wconf 73' lang='grc' dir='ltr'><strong><em>Κρηστωναίων</em></strong></span> <span class='ocrx_word' id='word_1_228' title='bbox 2083 3839 2343 3905; x_wconf 74' lang='grc' dir='ltr'><strong><em>ἀρξάμενος</em></strong></span> <span class='ocrx_word' id='word_1_229' title='bbox 2382 3841 2467 3904; x_wconf 73' lang='grc' dir='ltr'>ῥέει</span> <span class='ocrx_word' id='word_1_230' title='bbox 2507 3840 2590 3891; x_wconf 72' lang='grc' dir='ltr'>διὰ</span> <span class='ocrx_word' id='word_1_231' title='bbox 2627 3839 2901 3906; x_wconf 70' lang='grc' dir='ltr'><strong><em>Μυγδονίης</em></strong></span> 
     </span>
     <span class='ocr_line' id='line_1_33' title="bbox 559 3929 918 3995; baseline -0.014 -4"><span class='ocrx_word' id='word_1_232' title='bbox 559 3929 761 3995; x_wconf 72' lang='grc' dir='ltr'>κῶρης.;</span> <span class='ocrx_word' id='word_1_233' title='bbox 796 3934 918 3987; x_wconf 82' lang='grc'>127.</span> 
     </span>
    </p>

    <p class='ocr_par' dir='ltr' id='par_1_8' title="bbox 611 4020 1586 4090">
     <span class='ocr_line' id='line_1_34' title="bbox 611 4020 1586 4090; baseline -0.001 -14"><span class='ocrx_word' id='word_1_234' title='bbox 611 4020 657 4090; x_wconf 78' lang='lat'>4)</span> <span class='ocrx_word' id='word_1_235' title='bbox 697 4022 897 4077; x_wconf 79' lang='lat' dir='ltr'>Strabo</span> <span class='ocrx_word' id='word_1_236' title='bbox 935 4022 1057 4076; x_wconf 88' lang='lat'>331.</span> <span class='ocrx_word' id='word_1_237' title='bbox 1093 4022 1159 4074; x_wconf 84' lang='lat' dir='ltr'>fr.</span> <span class='ocrx_word' id='word_1_238' title='bbox 1197 4021 1300 4087; x_wconf 77' lang='lat'>363</span> <span class='ocrx_word' id='word_1_239' title='bbox 1338 4022 1458 4075; x_wconf 86' lang='lat'>329.</span> <span class='ocrx_word' id='word_1_240' title='bbox 1503 4022 1586 4075; x_wconf 89' lang='grc'>11.</span> 
     </span>
    </p>

    <p class='ocr_par' dir='ltr' id='par_1_9' title="bbox 613 4105 2420 4176">
     <span class='ocr_line' id='line_1_35' title="bbox 613 4105 2420 4176; baseline -0.003 -10"><span class='ocrx_word' id='word_1_241' title='bbox 613 4110 662 4176; x_wconf 88' lang='lat'>5)</span> <span class='ocrx_word' id='word_1_242' title='bbox 702 4111 904 4166; x_wconf 74' lang='lat' dir='ltr'>Strabo</span> <span class='ocrx_word' id='word_1_243' title='bbox 940 4110 1060 4164; x_wconf 85' lang='lat'>329.</span> <span class='ocrx_word' id='word_1_244' title='bbox 1100 4110 1164 4164; x_wconf 82' lang='lat' dir='ltr'>fr.</span> <span class='ocrx_word' id='word_1_245' title='bbox 1206 4110 1288 4164; x_wconf 94' lang='grc'>11.</span> <span class='ocrx_word' id='word_1_246' title='bbox 1326 4105 1633 4171; x_wconf 77' lang='grc' dir='ltr'><strong><em>ὠνομάζοντο</em></strong></span> <span class='ocrx_word' id='word_1_247' title='bbox 1672 4108 1767 4158; x_wconf 70' lang='grc' dir='ltr'>δὀἱ</span> <span class='ocrx_word' id='word_1_248' title='bbox 1802 4106 1885 4159; x_wconf 72' lang='grc' dir='ltr'>ἐπὶ</span> <span class='ocrx_word' id='word_1_249' title='bbox 1922 4107 2112 4176; x_wconf 74' lang='grc' dir='ltr'>Θρᾴκης</span> <span class='ocrx_word' id='word_1_250' title='bbox 2149 4108 2420 4171; x_wconf 77' lang='grc' dir='ltr'>Χαλκιδεῖς.</span> 
     </span>
    </p>

    <p class='ocr_par' dir='ltr' id='par_1_10' title="bbox 556 4191 2901 4532">
     <span class='ocr_line' id='line_1_36' title="bbox 610 4191 2900 4264; baseline -0.004 -11"><span class='ocrx_word' id='word_1_251' title='bbox 610 4197 660 4264; x_wconf 82' lang='grc'>6)</span> <span class='ocrx_word' id='word_1_252' title='bbox 700 4198 900 4253; x_wconf 72' lang='lat' dir='ltr'>Strabo</span> <span class='ocrx_word' id='word_1_253' title='bbox 953 4198 1060 4252; x_wconf 88' lang='lat'>323</span> <span class='ocrx_word' id='word_1_254' title='bbox 1116 4202 1171 4253; x_wconf 79' lang='lat' dir='ltr'>et</span> <span class='ocrx_word' id='word_1_255' title='bbox 1225 4199 1349 4252; x_wconf 84' lang='lat'>326.</span> <span class='ocrx_word' id='word_1_256' title='bbox 1403 4199 1596 4263; x_wconf 82' lang='lat' dir='ltr'>Polyb.</span> <span class='ocrx_word' id='word_1_257' title='bbox 1635 4198 1722 4251; x_wconf 90' lang='grc'>34.</span> <span class='ocrx_word' id='word_1_258' title='bbox 1781 4198 1864 4251; x_wconf 88' lang='grc'>12.</span> <span class='ocrx_word' id='word_1_259' title='bbox 1914 4196 1963 4250; x_wconf 86' lang='grc'>5.</span> <span class='ocrx_word' id='word_1_260' title='bbox 2017 4203 2239 4257; x_wconf 77' lang='grc' dir='ltr'><strong><em>Πυλῶνος</em></strong></span> <span class='ocrx_word' id='word_1_261' title='bbox 2288 4201 2440 4247; x_wconf 78' lang='grc' dir='ltr'><strong><em>τόπου</em></strong></span> <span class='ocrx_word' id='word_1_262' title='bbox 2475 4191 2718 4260; x_wconf 67' lang='grc' dir='ltr'><strong><em>ὁρίζοντος</em></strong></span> <span class='ocrx_word' id='word_1_263' title='bbox 2754 4193 2801 4245; x_wconf 81' lang='grc' dir='ltr'>ἒν</span> <span class='ocrx_word' id='word_1_264' title='bbox 2834 4201 2900 4260; x_wconf 71' lang='grc' dir='ltr'>τῇ</span> 
     </span>
     <span class='ocr_line' id='line_1_37' title="bbox 558 4284 2901 4356; baseline -0.002 -20"><span class='ocrx_word' id='word_1_265' title='bbox 558 4285 645 4350; x_wconf 74' lang='grc' dir='ltr'>ὁδῷ</span> <span class='ocrx_word' id='word_1_266' title='bbox 700 4286 787 4345; x_wconf 76' lang='grc' dir='ltr'>τήν</span> <span class='ocrx_word' id='word_1_267' title='bbox 841 4305 899 4336; x_wconf 78' lang='grc' dir='ltr'>τε</span> <span class='ocrx_word' id='word_1_268' title='bbox 952 4286 1193 4350; x_wconf 75' lang='grc' dir='ltr'>Ἰλλυρίδα</span> <span class='ocrx_word' id='word_1_269' title='bbox 1247 4290 1332 4338; x_wconf 75' lang='grc' dir='ltr'>καὶ</span> <span class='ocrx_word' id='word_1_270' title='bbox 1385 4290 1476 4347; x_wconf 73' lang='grc' dir='ltr'>τὴν</span> <span class='ocrx_word' id='word_1_271' title='bbox 1535 4284 1849 4336; x_wconf 73' lang='grc' dir='ltr'><strong><em>Μακεδονίαν.</em></strong></span> <span class='ocrx_word' id='word_1_272' title='bbox 1886 4287 1955 4339; x_wconf 85' lang='lat' dir='ltr'>cf.</span> <span class='ocrx_word' id='word_1_273' title='bbox 1991 4286 2324 4356; x_wconf 79' lang='lat' dir='ltr'>Margaritus</span> <span class='ocrx_word' id='word_1_274' title='bbox 2362 4287 2635 4341; x_wconf 81' lang='lat' dir='ltr'>Demitsas</span> <span class='ocrx_word' id='word_1_275' title='bbox 2674 4285 2901 4349; x_wconf 83' lang='grc' dir='ltr'><strong><em>Ἀρχαία</em></strong></span> 
     </span>
     <span class='ocr_line' id='line_1_38' title="bbox 556 4374 2899 4445; baseline 0.001 -20"><span class='ocrx_word' id='word_1_276' title='bbox 556 4376 850 4442; x_wconf 76' lang='grc' dir='ltr'><strong><em>γεωγραφία</em></strong></span> <span class='ocrx_word' id='word_1_277' title='bbox 883 4380 974 4438; x_wconf 71' lang='grc' dir='ltr'>τῆς</span> <span class='ocrx_word' id='word_1_278' title='bbox 1010 4375 1329 4437; x_wconf 74' lang='grc' dir='ltr'><strong><em>Μακεδονίας.</em></strong></span> <span class='ocrx_word' id='word_1_279' title='bbox 1366 4376 1594 4429; x_wconf 81' lang='lat' dir='ltr'>Athenis</span> <span class='ocrx_word' id='word_1_280' title='bbox 1642 4374 1797 4428; x_wconf 85' lang='lat'>1870.</span> <span class='ocrx_word' id='word_1_281' title='bbox 1837 4377 1864 4428; x_wconf 92' lang='lat' dir='ltr'>I</span> <span class='ocrx_word' id='word_1_282' title='bbox 1903 4392 2027 4445; x_wconf 81' lang='lat' dir='ltr'>pag.</span> <span class='ocrx_word' id='word_1_283' title='bbox 2067 4377 2117 4428; x_wconf 91' lang='lat'>4.</span> <span class='ocrx_word' id='word_1_284' title='bbox 2158 4379 2211 4428; x_wconf 73' lang='lat' dir='ltr'>et</span> <span class='ocrx_word' id='word_1_285' title='bbox 2249 4376 2316 4430; x_wconf 86' lang='lat' dir='ltr'>II.</span> <span class='ocrx_word' id='word_1_286' title='bbox 2340 4376 2457 4429; x_wconf 85' lang='lat'>151.</span> <span class='ocrx_word' id='word_1_287' title='bbox 2496 4377 2575 4429; x_wconf 85' lang='lat' dir='ltr'>De</span> <span class='ocrx_word' id='word_1_288' title='bbox 2611 4376 2899 4445; x_wconf 80' lang='lat' dir='ltr'>Pyrenaeo</span> 
     </span>
     <span class='ocr_line' id='line_1_39' title="bbox 560 4465 1446 4532; baseline -0.005 -13"><span class='ocrx_word' id='word_1_289' title='bbox 560 4469 749 4519; x_wconf 85' lang='lat' dir='ltr'>monte</span> <span class='ocrx_word' id='word_1_290' title='bbox 785 4467 855 4519; x_wconf 85' lang='lat' dir='ltr'>cf.</span> <span class='ocrx_word' id='word_1_291' title='bbox 893 4466 1118 4521; x_wconf 84' lang='lat' dir='ltr'>Demits.</span> <span class='ocrx_word' id='word_1_292' title='bbox 1157 4465 1183 4519; x_wconf 97' lang='lat' dir='ltr'>I</span> <span class='ocrx_word' id='word_1_293' title='bbox 1220 4466 1292 4519; x_wconf 87' lang='lat'>30</span> <span class='ocrx_word' id='word_1_294' title='bbox 1328 4482 1446 4532; x_wconf 88' lang='lat' dir='ltr'>sqq.</span> 
     </span>
    </p>
   </div>
  </div>
 </body>
</html>
