3338 5350
1697 492 1786 557 86

566 690 919 761 Leonnato
988 695 1056 752 et
1098 688 1463 753 Perdiccae
1527 688 1747 774 primo
1815 687 1961 753 loco
2029 688 2411 771 nominatiS,
2474 693 2550 753 ut
2612 690 2906 774 videtur,

568 794 873 861 custodia
917 792 1040 858 filii
1086 792 1365 858 infantis
1414 816 1497 858 ex
1540 794 1823 859 Roxane
1871 794 2223 859 commissa
2268 800 2416 859 erat
2438 796 2507 875 ¹).

657 900 795 966 Sed
840 900 1091 986 gradus
1137 900 1488 986 dignitatis
1535 906 1604 965 et
1650 901 1928 984 negotia
1973 922 2148 987 quae
2204 899 2487 986 singulis
2532 903 2906 967 committe-

570 1008 818 1073 bantur
861 1006 1063 1072 valde
1110 1006 1609 1094 discrepabant.
1704 1007 2115 1094 Praecipuus
2162 1006 2376 1072 honor
2419 1014 2499 1072 ut
2543 1014 2708 1073 tunc
2752 1030 2909 1074 con-

569 1115 840 1180 stitutus
887 1119 990 1179 est
1036 1113 1306 1179 decreto
1352 1112 1729 1179 nobilitatis
1776 1113 2171 1179 confirmato
2197 1137 2238 1178 a
2264 1115 2574 1180 contione
2596 1113 2813 1202 plebis
2838 1116 2906 1200 ²),

565 1221 698 1287 fuit
771 1220 1266 1286 chiliarchatus.
1359 1220 1508 1286 Hoc
1599 1243 1847 1286 munus
1939 1243 2072 1308 quo
2161 1228 2316 1309 post
2384 1221 2908 1309 Hephaestionis

564 1334 852 1394 mortem
894 1349 1093 1393 nemo
1141 1326 1428 1415 amplius
1473 1326 1870 1415 perfunctus
1917 1334 2062 1394 erat
2109 1326 2220 1410 (cf.
2261 1350 2325 1416 p.
2376 1328 2509 1411 66‚)
2548 1326 2909 1396 Perdiccae

565 1436 992 1502 commissum
1037 1442 1157 1518 est,
1207 1437 1324 1521 qui
1359 1433 1506 1521 jam
1553 1435 1639 1500 ab
1685 1435 2075 1501 Alexandro
2099 1435 2321 1501 adhuc
2344 1436 2607 1500 viventi
2630 1436 2911 1502 anulum

566 1545 829 1630 regium
876 1549 1226 1630 acceperat
1249 1540 1318 1626 ³),
1382 1564 1585 1629 quem
1632 1543 1841 1606 etiam
1885 1564 2067 1607 nunc
2110 1548 2495 1607 retenturus
2542 1549 2706 1626 erat,
2754 1566 2910 1609 cum

566 1652 806 1717 eodem
871 1656 1195 1738 tempore,
1265 1654 1504 1737 utpote
1571 1648 1994 1732 chiliarchUS,
2064 1671 2364 1714 summus
2428 1650 2567 1714 dux
2612 1651 2910 1716 universi

567 1758 897 1825 exercitus
965 1755 1235 1822 futurus
1283 1762 1456 1822 esset
1477 1754 1567 1839 ⁴);
1629 1756 1945 1844 princeps
2017 1777 2176 1841 ergo
2222 1754 2493 1821 futurus
2544 1763 2688 1822 erat
2732 1759 2910 1822 inter

562 1886 801 1951 regum
869 1869 1146 1946 tutores,
1217 1862 1550 1949 simulque
1620 1869 2049 1951 suscepturus
2119 1867 2260 1927 erat
2331 1884 2563 1928 curam
2623 1863 2908 1952 imperii.

563 1971 780 2039 Juxta
846 1991 1003 2036 eum
1069 1970 1459 2035 Leonnatus
1527 1971 1933 2035 constitutus
2003 1976 2104 2035 est
2170 1969 2408 2034 vicarii
2479 1969 2623 2054 ejus
2692 1972 2910 2037 instar

568 2077 1003 2165 (hyparchus)
1050 2075 1164 2142 vel
1208 2077 1433 2164 potius
1478 2075 1768 2141 fortasse
1812 2082 1890 2140 ut
1933 2076 2345 2164 hipparchus
2394 2076 2536 2162 ejus
2559 2076 2629 2159 5).
2709 2077 2907 2143 Anti-

564 2190 760 2273 pater
832 2189 1059 2249 autem
1128 2184 1366 2249 eodem
1433 2204 1711 2248 munere
1757 2185 2034 2268 strategi
2082 2185 2539 2267 autocratoriS‚
2590 2205 2724 2271 quo
2763 2183 2906 2271 jam

566 2293 726 2357 inde
775 2292 859 2356 ab
910 2313 1087 2357 anno
1135 2292 1265 2356 336
1312 2297 1587 2355 ornatus
1635 2296 1781 2355 erat
1804 2289 1852 2373 6)
1901 2288 2099 2376 fungi
2128 2289 2476 2379 pergebat,
2523 2290 2637 2355 vel
2681 2293 2909 2379 potius

569 2399 793 2464 denuo
836 2397 1315 2487 perfuncturus
1363 2403 1507 2462 erat
1529 2400 1616 2485 ⁷);
1680 2419 1835 2463 cum
1896 2396 2285 2463 Alexander
2329 2418 2484 2462 eum
2523 2397 2671 2484 jam
2716 2419 2910 2465 revo-

566 2507 856 2571 cavisset
922 2511 993 2570 et
1058 2502 1411 2570 Craterum
1486 2510 1566 2569 ut
1625 2525 2070 2569 successorem
2133 2502 2276 2589 ejus
2324 2504 2396 2568 in
2440 2504 2914 2570 Macedoniam

569 2613 855 2678 misisset
877 2612 960 2695 8);
1031 2633 1319 2697 regnum
1364 2609 1821 2694 Macedoniae,
1869 2610 2246 2677 civitatium
2291 2610 2794 2678 foederatarum
2839 2618 2913 2678 et

569 2719 893 2785 Graeciae
962 2721 1021 2784 ei
1083 2720 1641 2784 committendum
1686 2723 1851 2801 erat,
1916 2724 1984 2782 et
2029 2707 2171 2784 sine
2218 2720 2420 2785 dubio
2469 2720 2672 2785 etiam
2719 2742 2912 2808 prae-

617 3024 666 3081 1)
706 3024 932 3080 Curtius
970 3025 1054 3079 10.
1097 3025 1145 3078 7.
1184 3024 1250 3077 8:
1296 3003 1541 3092 „tutores
1578 3022 1820 3077 destinat
1855 3021 1968 3077 filio
2008 3039 2077 3076 ex
2112 3024 2340 3079 Roxane
2372 3024 2561 3079 futuro
2583 3024 2913 3078 Perdiccam

572 3117 658 3183 „et
693 3115 1061 3177 Leonnatum,
1098 3114 1267 3182 stirpe
1305 3113 1459 3183 regia
1496 3109 1767 3181 genitos.”

615 3203 661 3270 2)
699 3203 985 3272 Dexippus
1039 3204 1105 3256 fr.
1169 3203 1216 3255 1.
1281 3204 1332 3252 oa‘
1386 3199 1521 3265 ἄμφῖ
1574 3199 1843 3262 Περδίκκαν
1879 3201 1926 3250 οἳ
1959 3202 2104 3263 κρίσει
2141 3207 2238 3251 τῶν
2276 3200 2559 3253 Μακεδόνων
2594 3199 2912 3264 ἐπετρόπευον

566 3290 755 3352 αὐτοῖς.

616 3379 664 3444 3)
703 3381 823 3434 Arr.
865 3382 959 3446 §3.
999 3378 1079 3444 ἐφ’
1116 3378 1150 3445 ᾧ
1187 3379 1451 3442 Περδίκκαν
1487 3382 1777 3443 χιλιαρχεῖν
1812 3381 2112 3443 χιλιαρχίας
2147 3377 2203 3438 ἧς
2238 3378 2381 3443 ἦρχεν
2419 3382 2743 3444 Ἡφαιστίων,
2776 3385 2836 3432 τὸ
2855 3381 2911 3433 δὲ

563 3467 616 3528 ἣν
664 3466 895 3531 ἐπιτροπὴ
949 3474 1040 3528 τῆς
1077 3469 1342 3532 συμπάσης
1378 3470 1655 3531 βασιλείας.
1694 3470 1926 3539 Dexipp.
1964 3471 2030 3524 fr.
2053 3471 2099 3524 1.
2146 3469 2370 3525 Curtius
2408 3470 2492 3525 10.
2523 3471 2572 3523 6.
2614 3471 2697 3524 18.
2738 3472 2911 3535 „Per-

565 3559 778 3613 diccam
818 3560 964 3629 regis
1002 3560 1233 3614 anulum
1273 3559 1468 3621 tollere
1501 3556 1824 3627 jubebant.'’

615 3646 663 3697 4)
709 3648 867 3702 Diod.
926 3648 1007 3702 18.
1067 3647 1150 3700 23.
1212 3648 1260 3701 2.
1318 3645 1573 3710 παρέλαβε
1627 3649 1723 3705 τὰς
1778 3649 2049 3709 βασιλικὰς
2104 3646 2348 3710 δυνάμεις.
2403 3649 2588 3704 Justin
2643 3648 2727 3702 13.
2768 3649 2817 3713 4,
2857 3651 2912 3705 5,

572 3740 918 3804 „castrorum
958 3741 1014 3791 et
1066 3736 1343 3791 exercitus
1398 3739 1455 3791 et
1489 3754 1688 3807 regum
1726 3753 1862 3790 cura
1898 3735 2175 3807 Meleagro
2230 3738 2382 3802 (ante
2434 3754 2563 3791 eum
2598 3738 2913 3806 Leonnato)

565 3829 621 3878 et
658 3825 954 3880 Perdiccae
997 3823 1365 3896 assignatur.’'

615 3913 662 3979 5)
697 3914 817 3968 ΑΠ’.
865 3931 981 3968 exc.
1024 3915 1104 3979 §3
1142 3912 1423 3977 Μελέαγρον
1462 3914 1572 3981 (hic
1611 3913 1758 3968 enim
1791 3914 2076 3968 Leonnato
2106 3931 2402 3969 successor
2432 3914 2556 3981 fuit)
2596 3912 2648 3964 δὲ
2686 3915 2910 3980 ὕπαρχον

557 4003 832 4066 Περδίκκου,
869 4006 1103 4060 fortasse
1140 4008 1394 4074 praestat
1432 4004 1618 4074 legere
1654 4005 1924 4066 ἵππαρχος·

617 4092 667 4158 6)
705 4092 771 4147 cf.
809 4110 979 4163 supra
1014 4111 1067 4163 p.
1108 4095 1194 4148 66.

615 4182 666 4239 7)
702 4183 821 4236 ΑΠ’.
882 4183 983 4253 ἐ3.
1035 4180 1116 4247 ἐφ’
1167 4181 1201 4246 ᾧ
1252 4183 1582 4244 Ἀντίπατρον
1631 4182 1721 4243 μὲν
1757 4183 2037 4245 στρατηγὸν
2072 4178 2192 4232 εἶναι
2230 4187 2327 4232 τῶν
2363 4184 2499 4232 κατὰ
2534 4183 2624 4240 τὴν
2664 4182 2911 4246 Εὐρώπην.

564 4268 789 4324 Curtius
843 4270 923 4324 10.
965 4271 1012 4323 7.
1055 4271 1103 4324 9.
1150 4271 1386 4341 „adjecit
1424 4273 1489 4325 ut
1526 4271 1579 4324 in
1625 4271 1852 4340 Europa
1895 4270 2158 4325 Craterus
2199 4275 2255 4325 et
2289 4270 2578 4341 Antipater
2607 4289 2696 4327 res
2733 4273 2914 4329 admi-

564 4358 913 4413 nistrarent.”

625 4446 671 4513 8)
708 4447 826 4501 Arr.
853 4449 916 4520 ,7.
958 4450 1039 4502 12.
1079 4449 1128 4501 4.
1168 4449 1364 4504 Justin.
1406 4448 1487 4500 12.
1531 4449 1612 4501 12.
1652 4448 1701 4501 9.
