3338 5350
1206 1457 1736 1535 CAPUT
1845 1459 1928 1537 V.

757 1937 857 2017 De
914 1936 1349 2017 Macedonia
1403 1939 1583 2037 post
1632 1934 2046 2017 cassandri
2106 1955 2427 2037 reanum.

848 2308 888 2385 ξ
931 2302 980 2370 1.
1028 2300 1396 2371 Macedonia
1440 2301 1604 2370 inter
1651 2317 1855 2370 annos
1904 2301 2292 2372 297-281.

495 2528 708 2594 Filius
777 2527 1134 2593 Cassandri
1194 2526 1553 2614 Philippus
1612 2527 1793 2614 patri
1841 2529 2176 2611 successit,
2228 2529 2346 2594 sed
2392 2530 2597 2594 etiam
2642 2530 2753 2595 hic

397 2637 545 2724 jam
614 2640 904 2723 quatuor
970 2634 1311 2700 mensibus
1377 2639 1533 2722 post
1577 2634 1812 2701 morbo
1860 2635 2252 2702 absumitur.
2318 2636 2422 2702 De
2466 2638 2667 2703 rebus
2715 2662 2756 2704 a

403 2743 725 2810 fratribus
787 2743 930 2827 ejus
1000 2742 1364 2829 Antipatro
1432 2749 1501 2806 et
1569 2740 1962 2808 Alexandro
2038 2748 2192 2830 post
2262 2751 2547 2810 mortem
2609 2745 2753 2831 ejus

404 2852 631 2937 gestis,
703 2851 788 2915 de
869 2848 1394 2914 dissensionibus
1458 2870 1710 2932 eorum,
1775 2849 1861 2914 de
1931 2852 2296 2915 certamine
2364 2853 2575 2937 regni,
2647 2854 2754 2917 cui

404 2965 623 3024 mater
664 2978 931 3043 quoque
977 2955 1450 3022 Thessalonice
1497 2977 1641 3020 sese
1690 2958 2051 3040 inmiscuit,
2102 2957 2272 3023 adeo
2311 2964 2388 3023 ut
2434 2958 2520 3023 ab
2558 2959 2754 3024 Anti-

403 3073 600 3153 patro
661 3063 1022 3129 interfecta
1069 3064 1174 3146 sit,
1223 3062 1447 3128 fontes
1492 3064 1706 3129 nostri
1756 3085 1863 3128 res
1907 3064 2189 3129 minime
2237 3065 2451 3130 claras
2501 3072 2569 3130 et
2604 3088 2756 3154 per-

404 3173 667 3260 spicuas
719 3170 1115 3236 attulerunt.
1162 3170 1209 3236 J
1210 3171 1474 3235 ustinus
1525 3172 1707 3235 enim
1758 3173 1858 3235 16.
1890 3174 1947 3235 1.
1988 3171 2291 3258 loquitur
2314 3173 2400 3237 de
2424 3173 2755 3238 divisione

403 3279 599 3366 regni
668 3278 902 3343 statim
969 3284 1126 3366 post
1169 3276 1476 3366 Philippi
1521 3284 1833 3362 mortem,
1898 3277 2271 3344 Pausanias
2322 3281 2382 3344 9.
2433 3281 2492 3343 7.
2541 3282 2603 3345 3.
2670 3280 2754 3345 de

402 3387 611 3452 nimio
675 3386 898 3452 studio
961 3387 1196 3450 matris
1243 3406 1407 3471 erga
1453 3384 1674 3449 filium
1719 3392 1888 3451 natu
1933 3388 2284 3470 minorem,
2348 3386 2753 3452 Plutarchus

402 3499 632 3557 autem
702 3492 1113 3578 (Demetrius
1160 3493 1246 3556 36
1296 3498 1363 3557 et
1407 3491 1712 3579 Pyrrhus
1759 3496 1828 3579 6)
1877 3494 1963 3558 de
2010 3495 2533 3559 dissensionibus
2578 3496 2755 3559 inter

400 3598 666 3682 fratres,
741 3622 894 3664 cum
954 3599 1288 3665 Eusebius
1364 3603 1416 3663 l.
1469 3624 1535 3688 p.
1584 3601 1717 3665 232
1788 3601 2128 3688 scripserit
2196 3602 2282 3666 de
2348 3600 2750 3688 Antipatro:

400 3706 509 3779 τὴν
577 3705 859 3786 μητέρα.
898 3757 911 3769 .
939 3756 954 3771 .
987 3757 1000 3770 .
1052 3704 1566 3785 συμπράττουσαν
1617 3705 2012 3787 Ἀλεξάνδρῳ
2063 3709 2195 3789 περὶ
2242 3716 2351 3781 τῆς
2398 3709 2752 3787 βασιλείοις.

403 3813 534 3878 Hic
576 3820 955 3900 postremus
1004 3812 1188 3879 locus
1237 3813 1544 3900 profecto
1596 3814 1853 3900 aliquid
1901 3815 2085 3899 dicit,
2134 3816 2250 3881 sed
2299 3818 2538 3882 eodem
2579 3822 2753 3881 tem-

401 3941 564 4007 pore
612 3926 845 4007 aperte
891 3919 938 3985 J
940 3921 1166 3985 ustino
1209 3921 1635 3986 contradicit.
1682 3921 1727 3987 J
1732 3923 1994 3987 ustinus
2021 3928 2249 3987 autem
2274 3929 2474 3988 errat.
2499 3923 2753 3989 Pausa-

400 4027 548 4091 nias
598 4028 781 4091 enim
825 4026 973 4092 loco
1019 4025 1299 4091 laudato
1349 4028 1434 4092 de
1477 4027 1846 4115 Antipatro
1895 4029 2197 4114 loquitur
2219 4036 2572 4116 tamquam
2593 4052 2754 4116 rege

399 4141 553 4221 post
619 4134 925 4222 Philippi
992 4140 1281 4199 mortem
1355 4134 1767 4214 Ἀντίπατρος
1835 4135 1889 4199 δ’
1938 4136 1964 4199 ὁ
2033 4139 2175 4212 μετ’
2247 4136 2482 4210 ἐκεῖνον,
2529 4159 2754 4224 neque

399 4242 705 4306 nominat
770 4241 1257 4307 Alexandrum.
1329 4240 1519 4305 Haec
1581 4243 1820 4307 eadem
1862 4265 1968 4307 res
2017 4243 2459 4309 confirmatur
2505 4266 2545 4308 a
2591 4245 2752 4309 Plu-

400 4348 637 4414 tarcho
707 4350 821 4433 qui
889 4348 963 4412 in
1033 4348 1303 4413 decreto
1350 4348 1421 4411 in
1466 4348 1793 4414 honorem
1839 4338 2278 4416 Democharis
2324 4349 2757 4416 Atheniensis

410 4454 586 4538 dato,
663 4454 845 4521 hunc
918 4476 1095 4521 anno
1164 4454 1295 4519 296
1371 4454 1624 4542 (Droys
1693 4457 1755 4520 2.
1820 4457 1881 4522 2.
1945 4457 2101 4540 250)
2159 4456 2485 4523 auxilium
2529 4464 2763 4544 petere
