3338 5350
1653 535 1742 600 90

528 754 773 821 puram
797 736 865 813 1).
915 732 1065 798 Hoc
1109 732 1309 797 modo
1354 732 1694 797 Eumenes
1742 754 1919 797 anno
1965 732 2096 797 322
2138 755 2179 797 a
2222 731 2566 816 Perdicca,
2611 755 2766 798 cum
2789 733 2862 798 in

532 862 609 906 eo
679 845 853 906 esset
923 846 998 904 ut
1065 839 1567 928 expeditionem
1636 840 1709 904 in
1774 838 2171 927 Aegyptum
2218 838 2475 905 faceret
2521 843 2864 920 στρατηγὸς

531 945 913 1027 αὐτοκράτωρ
982 944 1188 1012 Asiae
1254 945 1535 1012 Minoris
1605 946 2010 1012 constitutus
2058 954 2188 1028 est3
2253 947 2454 1033 hujus
2501 947 2686 1012 tituli
2729 947 2862 1014 for-

530 1054 717 1120 mula
761 1053 1056 1137 AlcetaS,
1124 1051 1507 1142 praefectus
1555 1053 1885 1119 exercitus
1944 1054 2364 1120 Macedonici
2411 1053 2483 1119 in
2527 1053 2693 1119 Asia
2736 1054 2864 1118 Mi-

531 1182 715 1244 nore,
760 1159 1247 1247 Neoptolemus
1293 1166 1595 1248 satrapes
1641 1160 2007 1226 Armeniae
2054 1160 2306 1247 aliique
2354 1161 2673 1249 auspiciis
2720 1161 2863 1247 ejus

530 1267 806 1335 obnoxii
854 1273 1065 1351 erant,
1114 1266 1401 1353 obligati
1447 1274 1641 1333 erant
1684 1274 1959 1355 paratos
2005 1268 2255 1334 habere
2302 1268 2553 1334 milites
2577 1290 2729 1334 suos
2776 1269 2864 1334 ad

529 1375 853 1441 Eumenis
893 1373 1102 1458 jussa,
1172 1373 1445 1438 tametsi
1490 1373 1594 1438 illi
1663 1374 1797 1440 duo
1842 1374 1974 1463 ipsi
2020 1374 2248 1439 conati
2294 1380 2470 1458 sunt,
2519 1397 2664 1440 sese
2706 1375 2866 1440 huic

530 1483 632 1548 rei
674 1480 1104 1548 substrahere
1124 1481 1196 1564 2).

617 1588 712 1653 Et
757 1610 911 1653 cum
955 1587 1083 1653 hac
1128 1586 1383 1673 majore
1426 1594 1765 1675 potestate
1809 1589 2086 1677 insuper
2142 1588 2513 1655 arctissime
2559 1589 2866 1655 cohaere-

528 1699 650 1762 bat
712 1696 823 1782 jus
891 1715 1189 1782 expensa
1256 1693 1556 1760 faciendi
1625 1695 1894 1783 imperii
1957 1718 2177 1761 causa.
2288 1695 2459 1761 Cum
2526 1695 2865 1762 Eumenes

530 1824 708 1869 anno
754 1802 884 1866 322
930 1800 1210 1866 titulum
1254 1801 1450 1866 illum
1497 1803 1784 1890 adeptus
1830 1810 2023 1886 esset,
2094 1824 2419 1889 magnam
2477 1805 2623 1868 vim
2667 1826 2866 1892 pecu-

528 1911 683 1975 niae
731 1909 1053 1997 expendit
1100 1909 1174 1973 in
1220 1909 1385 1974 Asia
1421 1908 1721 1991 Minore3
1771 1911 2139 1976 exercitum
2184 1911 2427 1996 coegit,
2466 1910 2616 1997 ipsa
2658 1910 2865 1976 vecti-

527 2017 714 2103 galia
761 2015 1106 2081 imminuit
1148 2021 1228 2080 ut
1273 2015 1710 2104 Cappadoces
1760 2017 1846 2082 ad
1893 2017 2234 2104 stipendia
2273 2016 2590 2083 facienda
2635 2017 2866 2083 cohor-

528 2132 821 2206 taretur;
893 2122 1043 2189 aliis
1117 2122 1581 2188 immunitates
1630 2123 1839 2206 dedit,
1913 2123 2062 2189 aliis
2132 2123 2390 2190 tributa
2458 2124 2869 2191 condonavit

530 2229 940 2310 (ἀνεισφορίας
988 2229 1183 2302 διδοὺς
1231 2229 1337 2293 καὶ
1387 2229 1739 2312 aia-ezelonem
1812 2229 2256 2296 liberalitates
2304 2238 2373 2296 et
2419 2232 2597 2297 dona
2646 2230 2867 2295 distri-

529 2339 680 2404 buit
727 2337 1112 2421 (Φιλοτιμίας
1158 2336 1264 2401 καὶ
1312 2334 1557 2417 δωρεάς)
1591 2335 1640 2419 3)
1709 2337 1769 2402 Ε
1816 2337 2115 2426 satrapia
2163 2360 2285 2403 sua
2323 2336 2537 2401 πολλοὶ
2565 2339 2868 2418 χρήματα

532 2446 820 2534 adeptus
887 2451 991 2510 est
1015 2443 1085 2528 4).
1179 2442 1423 2509 Paullo
1491 2450 1647 2531 post
1715 2444 2223 2533 Polysperchon
2292 2445 2356 2510 ei
2400 2445 2745 2528 concessit,
2792 2451 2871 2510 ut

532 2575 615 2618 ex
661 2550 971 2618 omnibus
1020 2550 1353 2615 thesauris
1421 2556 1691 2615 tantum
1759 2552 2088 2640 pecuniae
2148 2551 2490 2635 eximeret,
2540 2558 2872 2637 quantum

532 2660 663 2725 sibi
708 2658 1090 2748 placuisset,
1160 2657 1571 2724 exsolvenda
1642 2658 1705 2724 ei
1751 2665 1908 2725 sunt
1954 2654 2065 2724 ὅσα
2111 2657 2183 2724 ἂν
2228 2659 2446 2741 αἰτήσῃ
2492 2659 2564 2748 5),
2628 2655 2871 2725 καθ’ὅτι

532 2767 606 2832 ἂν
676 2767 865 2839 αὐτὸς
935 2773 1287 2846 προαιρῆται
1330 2764 1397 2844 ⁶).
1495 2765 1754 2831 Tamen
1822 2773 2109 2855 apparet
2176 2788 2331 2832 cum
2405 2767 2510 2832 his
2556 2767 2868 2833 omnibus

531 2874 1020 2959 obligationem
1084 2873 1419 2938 rationem
1507 2873 1841 2938 reddendi
1909 2895 2049 2939 non
2139 2872 2480 2940 sublatam
2548 2895 2710 2957 esse,
2804 2880 2869 2938 et

534 2986 844 3047 accurate
914 2979 1357 3066 distinguitur
1421 2979 1603 3044 inter
1667 2981 1990 3068 pecunias
2077 2980 2162 3045 de
2231 2979 2474 3066 quibus
2540 2981 2873 3045 rationem

531 3088 815 3154 reddere
875 3087 939 3152 ei
997 3108 1137 3152 non
1204 3108 1373 3174 opus
1434 3093 1582 3152 erat
1626 3094 1697 3152 et
1757 3108 1870 3152 eas
1919 3108 2207 3174 quarum
2251 3088 2544 3153 rationes
2592 3087 2680 3152 ad
2725 3087 2871 3151 the-

532 3216 807 3260 saurum
849 3199 1121 3282 praesto
1168 3199 1392 3258 essent
1434 3214 1708 3259 necesse
1753 3199 1900 3258 erat
1922 3194 1990 3274 ⁷).

618 3303 776 3368 Non
861 3302 1084 3365 minus
1158 3321 1365 3386 quam
1431 3301 1595 3366 novi
1662 3299 1765 3364 illi
1835 3301 2291 3386 magistratus,
2360 3301 2493 3389 ipsi
2560 3308 2874 3389 satrapae

530 3407 953 3495 singularum
1042 3407 1548 3494 provinciarum
1638 3405 1774 3492 maj
1783 3428 1896 3472 ore
2003 3414 2340 3495 potestate
2448 3405 2870 3473 fruebantur.

529 3515 807 3580 Etenim
849 3519 1005 3601 post
1048 3513 1422 3579 Alexandri
1467 3519 1756 3578 mortem
1824 3513 2079 3599 ubique,
2145 3520 2598 3601 strategorum
2646 3512 2874 3579 officia

532 3644 688 3687 cum
756 3628 1181 3708 satraparum
1248 3619 1641 3685 muneribus
1713 3618 1996 3686 confusa
2043 3627 2219 3704 sunt,
2288 3620 2403 3686 vel
2464 3620 2644 3707 quod
2689 3620 2876 3684 idem

533 3735 653 3812 est,
702 3749 1040 3794 summum
1084 3727 1447 3815 imperium
1493 3727 1912 3791 exercituum
1954 3727 2027 3792 in
2067 3727 2352 3792 diversis
2391 3727 2756 3815 provinciis
2802 3727 2877 3791 in

580 3962 630 4028 1)
667 3963 813 4017 Plut.
853 3963 1017 4017 Eum.
1056 3961 1106 4014 8.
1146 3961 1268 4013 fine.

581 4050 630 4115 2)
668 4050 826 4105 Diod.
867 4049 950 4103 18.
989 4050 1071 4103 29.
1112 4050 1161 4102 4.

582 4139 631 4207 3)
669 4139 815 4193 Plut.
856 4140 1016 4193 Eum.
1056 4138 1107 4190 4.

583 4228 629 4297 4)
667 4227 824 4282 Diod.
865 4227 948 4281 18.
990 4227 1075 4281 53.
1112 4229 1164 4280 2.

583 4318 630 4385 5)
667 4316 825 4371 Diod.
869 4316 951 4370 18.
991 4316 1075 4371 58.
1118 4317 1164 4370 1.

587 4406 637 4472 6)
674 4406 833 4461 Diod.
880 4406 964 4459 19.
1004 4405 1085 4460 15.
1124 4406 1177 4459 5.

593 4497 638 4565 7)
676 4496 744 4550 cf.
782 4496 925 4549 infra
960 4495 1045 4548 93.
1214 4516 1218 4520 ·
