3338 5350
1555 522 1640 586 37

431 725 717 805 utraque
787 740 944 806 pars
992 741 1072 783 ea
1116 719 1455 801 retineret,
1519 740 1696 803 quae
1742 739 1822 783 60
1871 724 2173 804 tempore
2226 739 2359 802 quo
2403 740 2541 804 pax
2577 717 2773 783 fieret

430 827 803 913 possideret
849 826 1021 912 („uti
1064 824 1494 913 possidetis”)
1517 824 1589 910 1).
1636 825 1733 891 Ut
1769 847 2000 890 omnes
2047 824 2208 891 socii
2250 825 2770 891 Atheniensium

430 934 616 1020 pacis
661 934 1026 1020 participes
1072 934 1332 1015 fierent,
1359 932 1659 1020 exceptis
1685 930 2162 1014 PhocensibuS,
2188 930 2409 996 Haliis
2451 939 2520 996 et
2545 932 2770 998 Oerso-

434 1039 661 1127 blepte
711 1039 1040 1105 Thraciae
1089 1062 1249 1126 rege
1276 1042 1346 1121 2).

521 1147 566 1212 J
570 1169 682 1211 am
751 1169 956 1234 supra
1023 1152 1621 1212 commemoratum
1667 1151 1771 1211 est
1817 1146 2152 1231 quomodo
2196 1146 2558 1234 Philippus
2603 1146 2771 1210 fines

435 1275 583 1318 suos
628 1254 701 1318 in
749 1253 1037 1319 Thracia
1084 1252 1347 1318 auxerit
1393 1259 1760 1339 antequam
1803 1274 2043 1339 pacem
2066 1274 2221 1317 cum
2243 1253 2772 1319 Atheniensibus

432 1361 733 1426 firmaret
792 1371 1024 1448 (supra
1067 1384 1133 1448 p.
1180 1360 1311 1443 27),
1382 1381 1563 1424 nunc
1632 1366 1859 1424 autem
1927 1381 2095 1446 pace
2162 1361 2549 1445 constituta,
2619 1382 2774 1425 cum

432 1468 883 1534 Phocensium
928 1468 1099 1532 (11106
1144 1467 1480 1532 Phalaeco
1528 1489 1728 1553 agere
1752 1468 2069 1555 perrexit,
2117 1467 2235 1554 qui
2257 1467 2531 1554 prodita
2550 1466 2776 1554 patria

436 1575 643 1640 saltus
693 1573 1302 1661 Thermopylarum
1370 1574 1515 1659 regi
1559 1573 1867 1654 tradidit,
1934 1596 2014 1638 ea
2074 1573 2462 1639 conditione
2509 1580 2586 1637 ut
2629 1574 2774 1660 ipse

436 1687 503 1746 et
547 1681 796 1746 milites
841 1680 987 1767 ejus
1030 1680 1401 1746 incolumes
1448 1680 1716 1745 abirent
1735 1678 1805 1763 3).

522 1788 711 1853 Haec
799 1811 905 1852 res
973 1809 1176 1852 causa
1243 1786 1377 1852 fuit
1445 1809 1564 1852 cur
1630 1788 2010 1853 Phocenses
2080 1809 2221 1852 sese
2284 1808 2422 1852 non
2485 1786 2774 1874 amplius

436 1895 802 1961 defendere
866 1895 1232 1982 potuerint,
1304 1916 1446 1960 sese
1509 1878 1770 1959 dedere'
1818 1895 2176 1960 Macedoni
2244 1894 2458 1959 coacti
2544 1895 2679 1959 sint
2700 1898 2773 1979 4),

436 2003 552 2088 qui
599 2024 722 2089 per
761 2001 1250 2089 Thermopylas
1297 2023 1493 2088 agros
1539 2023 1773 2066 eorum
1817 2002 2178 2087 ingressuS,
2226 2002 2371 2067 sine
2408 2001 2777 2066 certamine

435 2108 819 2174 universam
888 2109 1235 2194 regionem
1308 2109 1669 2197 occupavit
1691 2108 1765 2192 ⁵),
1842 2109 2079 2174 eodem
2146 2109 2349 2174 modo
2396 2131 2530 2194 quo
2577 2109 2774 2173 urbes

435 2216 787 2280 Boeoticas
834 2237 1007 2301 quae
1052 2237 1208 2281 cum
1250 2215 1713 2281 Phocensibus
1760 2214 2182 2298 816161111116).

522 2324 628 2388 De
669 2329 847 2388 sorte
895 2329 1122 2388 autem
1166 2322 1617 2388 Phocensium
1664 2322 1749 2386 ab
1796 2321 2415 2410 Amphictyonibus
2438 2323 2777 2388 Boeoticis

437 2439 505 2495 et
572 2430 973 2495 Thessalicis
1045 2430 1276 2496 statim
1347 2453 1386 2495 a
1431 2429 1753 2517 Philippo
1814 2430 2201 2495 convocatis
2263 2435 2345 2494 111
2386 2452 2493 2495 res
2538 2430 2778 2516 templi

435 2537 752 2624 Delphici
791 2537 866 2601 in
912 2537 1257 2624 integrum
1299 2538 1753 2621 restituerent,
1802 2538 2104 2602 decisum
2142 2542 2245 2601 est
2267 2535 2335 2620 ⁷),
2384 2559 2537 2601 cum
2560 2536 2778 2601 hiero-

436 2666 829 2710 mnemones
870 2643 1084 2710 Attici
1133 2649 1203 2710 et
1248 2643 1569 2732 Spartani
1616 2643 1901 2711 concilio
1942 2665 2080 2710 non
2124 2645 2530 2709 interessent
2551 2642 2620 2733 8).

524 2752 816 2817 Decreto
885 2752 1469 2839 Amphictyonum
1530 2752 1912 2817 Phocenses
1964 2751 2245 2817 concilio
2290 2752 2779 2816 hieromnemo-

436 2881 601 2923 num
650 2858 1121 2941 excluduntur,
1173 2858 1306 2923 duo
1354 2858 1700 2944 suffragia,
1773 2881 1947 2945 quae
1986 2859 2206 2923 adhuc
2250 2858 2575 2942 tulerunt,
2621 2858 2780 2923 Phi-

436 2965 626 3053 lippo
673 2964 1091 3050 deferuntur,
1139 2966 1249 3031 cui
1293 2966 1421 3031 hoc
1446 2966 1645 3032 modo
1678 2967 1873 3053 copia
1912 2967 2075 3031 data
2101 2971 2219 3048 est,
2245 2972 2325 3030 ut
2356 2965 2781 3031 voluntatem

439 3093 632 3137 suam
676 3071 1337 3168 hieromnemonibus
1383 3074 1778 3139 obtruderet
1799 3073 1871 3157 9).
1923 3073 2171 3139 Omnes
2210 3071 2411 3137 urbes
2441 3072 2780 3156 Phocidis,

437 3179 607 3243 Abis
679 3179 996 3266 exceptiS,
1068 3179 1334 3245 dirutae
1379 3187 1555 3263 sunt,
1604 3180 1894 3267 dispersi
1948 3185 2105 3245 sunt
2149 3177 2410 3244 incolae
2456 3179 2530 3243 in
2576 3180 2781 3262 vicOS,

441 3286 557 3370 qui
603 3307 741 3350 non
786 3286 940 3373 plus
986 3287 1486 3376 quinquaginta
1530 3286 1810 3352 familiis
1857 3292 2260 3369 constarent,
2311 3307 2499 3350 arma
2533 3284 2782 3350 habere

491 3587 541 3654 1)
581 3589 866 3643 Demosth.
907 3589 992 3643 82.
1032 3590 1101 3642 22
1139 3606 1255 3658 sqq.
1294 3590 1380 3644 83.
1419 3591 1489 3645 10
1526 3608 1629 3659 sqq

484 3678 542 3757 ⁶2)
580 3679 865 3732 Demosth.
936 3680 1055 3733 395.
1121 3680 1205 3732 25.
1272 3685 1454 3742 πρῶτον
1524 3681 1614 3742 μὲν
1669 3681 1828 3734 τοίνυν
1883 3680 2078 3739 Φωκέας
2133 3680 2418 3738 ἐκσπόνδους
2474 3681 2563 3730 καὶ
2620 3683 2784 3739 εΑλεΐς

446 3766 695 3831 ἀπέφηναν
732 3768 821 3817 καὶ
858 3767 1243 3831 Κερσοβλέπτην.
1280 3769 1394 3823 ibid
1431 3770 1550 3823 385.
1591 3771 1679 3824 13.
1718 3771 1968 3825 Aeschjn.
2008 3773 2230 3836 Parapr.
2270 3772 2355 3824 85.

497 3855 542 3924 3)
580 3857 734 3911 Diod.
773 3859 855 3910 16.
895 3858 980 3911 59.
1019 3858 1068 3910 3.
1107 3858 1358 3912 Aeschin.
1397 3858 1624 3928 Parapr.
1671 3858 1790 3912 138.
1831 3860 1950 3913 140.

498 3944 546 4011 4)
584 3947 737 4000 Diod.
775 3947 848 4001 l.l.
889 3948 1076 4001 Justin
1120 3946 1170 4001 8.
1207 3947 1258 4001 5.
1298 3948 1349 4004 2.
1393 3950 1479 4016 „et
1517 3947 1806 4017 Philippus
1846 3949 2121 4003 excidium
2160 3949 2491 4013 minabatur,
2536 3949 2591 4001 ni
2628 3950 2788 4003 fieret

452 4034 703 4090 deditio.”
740 4036 1024 4090 Demosth.
1061 4035 1184 4089 358.
1224 4036 1307 4098 28.

503 4122 548 4186 5)
583 4124 863 4178 Demosth.
902 4125 1022 4178 360.
1062 4125 1123 4183 9;
1161 4125 1282 4179 365.
1334 4125 1412 4178 18.

493 4211 542 4276 6)
575 4215 825 4268 Aeschin.
866 4215 1091 4284 Parapr.
1130 4215 1254 4269 141.

505 4301 549 4370 7)
586 4304 733 4357 Diod.
780 4304 862 4357 16.
899 4303 985 4357 59.
1024 4305 1073 4356 4.
1113 4304 1395 4359 Demosth.
1435 4305 1556 4358 356.
1599 4307 1684 4361 21.

508 4389 551 4447 8)
587 4392 868 4446 Demosth.
908 4392 992 4446 60.
1032 4394 1116 4447 20.

508 4477 555 4547 9)
590 4481 741 4535 Diod.
785 4482 877 4536 16..
907 4481 992 4535 60.
1034 4483 1079 4536 1.
1119 4484 1274 4538 Paus.
1314 4483 1396 4538 10.
1434 4484 1486 4537 3.
1524 4486 1584 4548 3;
1626 4486 1709 4539 10.
1748 4485 1797 4539 8.
1837 4486 1899 4551 2;
1937 4487 2221 4541 Demosth.
2255 4486 2377 4539 446.
2415 4487 2467 4541 6.
