<?xml version="1.0" encoding="UTF-8"?>
<!DOCTYPE html PUBLIC "-//W3C//DTD XHTML 1.0 Transitional//EN"
    "http://www.w3.org/TR/xhtml1/DTD/xhtml1-transitional.dtd">
<html xmlns="http://www.w3.org/1999/xhtml" xml:lang="en" lang="en">
 <head>
  <title>
</title>
<meta http-equiv="Content-Type" content="text/html;charset=utf-8" />
  <meta name='ocr-system' content='tesseract 3.04.00' />
  <meta name='ocr-capabilities' content='ocr_page ocr_carea ocr_par ocr_line ocrx_word'/>
</head>
<body>
  <div class='ocr_page' id='page_1' title='image "./definibusregnim01breegoog_0022.png"; bbox 0 0 3338 5350; ppageno 0'>
   <div class='ocr_carea' id='block_1_1' title="bbox 1684 518 1730 584">
    <p class='ocr_par' dir='ltr' id='par_1_1' title="bbox 1684 518 1730 584">
     <span class='ocr_line' id='line_1_1' title="bbox 1684 518 1730 584; baseline 0 -2"><span class='ocrx_word' id='word_1_1' title='bbox 1684 518 1730 584; x_wconf 78' lang='lat'>4</span> 
     </span>
    </p>
   </div>
   <div class='ocr_carea' id='block_1_2' title="bbox 538 710 2877 3047">
    <p class='ocr_par' dir='ltr' id='par_1_2' title="bbox 541 710 2876 2280">
     <span class='ocr_line' id='line_1_2' title="bbox 542 710 2872 794; baseline -0.002 -14"><span class='ocrx_word' id='word_1_2' title='bbox 542 715 795 781; x_wconf 85' lang='lat' dir='ltr'>tionem</span> <span class='ocrx_word' id='word_1_3' title='bbox 841 715 915 779; x_wconf 93' lang='lat' dir='ltr'>in</span> <span class='ocrx_word' id='word_1_4' title='bbox 959 713 1416 780; x_wconf 78' lang='lat' dir='ltr'><strong>Acarnaniam</strong></span> <span class='ocrx_word' id='word_1_5' title='bbox 1462 714 1713 781; x_wconf 88' lang='lat' dir='ltr'>sociam</span> <span class='ocrx_word' id='word_1_6' title='bbox 1757 712 2277 778; x_wconf 72' lang='lat' dir='ltr'><strong>Atheniensium</strong></span> <span class='ocrx_word' id='word_1_7' title='bbox 2300 710 2606 779; x_wconf 88' lang='lat' dir='ltr'>facturae</span> <span class='ocrx_word' id='word_1_8' title='bbox 2629 717 2872 794; x_wconf 87' lang='lat' dir='ltr'>essent,</span> 
     </span>
     <span class='ocr_line' id='line_1_3' title="bbox 544 820 2873 908; baseline -0.002 -20"><span class='ocrx_word' id='word_1_9' title='bbox 544 823 816 888; x_wconf 79' lang='lat' dir='ltr'><strong>Orestas</strong></span> <span class='ocrx_word' id='word_1_10' title='bbox 887 843 1153 908; x_wconf 87' lang='lat' dir='ltr'>quoque</span> <span class='ocrx_word' id='word_1_11' title='bbox 1219 843 1373 886; x_wconf 90' lang='lat' dir='ltr'>cum</span> <span class='ocrx_word' id='word_1_12' title='bbox 1441 843 1599 908; x_wconf 91' lang='lat' dir='ltr'>rege</span> <span class='ocrx_word' id='word_1_13' title='bbox 1674 843 1905 887; x_wconf 88' lang='lat' dir='ltr'>eorum</span> <span class='ocrx_word' id='word_1_14' title='bbox 1966 820 2143 886; x_wconf 91' lang='lat' dir='ltr'>inter</span> <span class='ocrx_word' id='word_1_15' title='bbox 2187 842 2301 885; x_wconf 88' lang='lat' dir='ltr'>eas</span> <span class='ocrx_word' id='word_1_16' title='bbox 2346 820 2672 902; x_wconf 87' lang='lat' dir='ltr'>nominat,</span> <span class='ocrx_word' id='word_1_17' title='bbox 2720 840 2873 884; x_wconf 93' lang='lat' dir='ltr'>cum</span> 
     </span>
     <span class='ocr_line' id='line_1_4' title="bbox 542 926 2873 1013; baseline -0.002 -18"><span class='ocrx_word' id='word_1_18' title='bbox 542 930 899 995; x_wconf 79' lang='lat' dir='ltr'>Perdiccas</span> <span class='ocrx_word' id='word_1_19' title='bbox 986 930 1423 996; x_wconf 72' lang='lat' dir='ltr'>Macedoniae</span> <span class='ocrx_word' id='word_1_20' title='bbox 1505 950 1642 1013; x_wconf 87' lang='lat' dir='ltr'>rex,</span> <span class='ocrx_word' id='word_1_21' title='bbox 1716 929 1932 994; x_wconf 88' lang='lat' dir='ltr'>socius</span> <span class='ocrx_word' id='word_1_22' title='bbox 2020 927 2560 1010; x_wconf 81' lang='lat' dir='ltr'>Atheniensium,</span> <span class='ocrx_word' id='word_1_23' title='bbox 2630 926 2873 1013; x_wconf 86' lang='lat' dir='ltr'>quibus</span> 
     </span>
     <span class='ocr_line' id='line_1_5' title="bbox 545 1032 2874 1122; baseline -0.003 -20"><span class='ocrx_word' id='word_1_24' title='bbox 545 1037 1042 1122; x_wconf 88' lang='lat' dir='ltr'>quodammodo</span> <span class='ocrx_word' id='word_1_25' title='bbox 1087 1036 1414 1102; x_wconf 83' lang='lat' dir='ltr'>obnoxius</span> <span class='ocrx_word' id='word_1_26' title='bbox 1462 1042 1607 1101; x_wconf 91' lang='lat' dir='ltr'>erat</span> <span class='ocrx_word' id='word_1_27' title='bbox 1648 1035 1721 1122; x_wconf 81' lang='lat'>1)‚</span> <span class='ocrx_word' id='word_1_28' title='bbox 1769 1042 2038 1101; x_wconf 84' lang='lat' dir='ltr'>coactus</span> <span class='ocrx_word' id='word_1_29' title='bbox 2083 1041 2256 1100; x_wconf 90' lang='lat' dir='ltr'>esset</span> <span class='ocrx_word' id='word_1_30' title='bbox 2302 1032 2561 1100; x_wconf 89' lang='lat' dir='ltr'>occulte</span> <span class='ocrx_word' id='word_1_31' title='bbox 2605 1033 2874 1097; x_wconf 89' lang='lat' dir='ltr'>mittere</span> 
     </span>
     <span class='ocr_line' id='line_1_6' title="bbox 543 1139 2876 1228; baseline -0.002 -20"><span class='ocrx_word' id='word_1_32' title='bbox 543 1143 816 1209; x_wconf 75' lang='lat' dir='ltr'>auxilia.</span> <span class='ocrx_word' id='word_1_33' title='bbox 862 1143 1113 1223; x_wconf 80' lang='lat' dir='ltr'>Quodsi</span> <span class='ocrx_word' id='word_1_34' title='bbox 1138 1140 1416 1209; x_wconf 82' lang='lat' dir='ltr'>Orestae</span> <span class='ocrx_word' id='word_1_35' title='bbox 1459 1141 1687 1228; x_wconf 87' lang='lat' dir='ltr'>aliquo</span> <span class='ocrx_word' id='word_1_36' title='bbox 1710 1142 1912 1208; x_wconf 92' lang='lat' dir='ltr'>modo</span> <span class='ocrx_word' id='word_1_37' title='bbox 1934 1163 2088 1206; x_wconf 91' lang='lat' dir='ltr'>cum</span> <span class='ocrx_word' id='word_1_38' title='bbox 2111 1141 2510 1207; x_wconf 90' lang='lat' dir='ltr'>Macedonia</span> <span class='ocrx_word' id='word_1_39' title='bbox 2531 1139 2876 1224; x_wconf 88' lang='lat' dir='ltr'>conjuncti</span> 
     </span>
     <span class='ocr_line' id='line_1_7' title="bbox 542 1246 2874 1336; baseline -0.001 -20"><span class='ocrx_word' id='word_1_40' title='bbox 542 1247 850 1334; x_wconf 85' lang='lat' dir='ltr'>fuissent,</span> <span class='ocrx_word' id='word_1_41' title='bbox 940 1251 1130 1336; x_wconf 86' lang='lat' dir='ltr'>cujus</span> <span class='ocrx_word' id='word_1_42' title='bbox 1210 1272 1332 1316; x_wconf 83' lang='lat' dir='ltr'>rex</span> <span class='ocrx_word' id='word_1_43' title='bbox 1403 1250 1761 1315; x_wconf 84' lang='lat' dir='ltr'>Perdiccas</span> <span class='ocrx_word' id='word_1_44' title='bbox 1851 1255 2120 1315; x_wconf 87' lang='lat' dir='ltr'>coactus</span> <span class='ocrx_word' id='word_1_45' title='bbox 2186 1246 2321 1313; x_wconf 86' lang='lat' dir='ltr'>fuit</span> <span class='ocrx_word' id='word_1_46' title='bbox 2386 1247 2563 1312; x_wconf 87' lang='lat' dir='ltr'>clam</span> <span class='ocrx_word' id='word_1_47' title='bbox 2606 1247 2874 1313; x_wconf 89' lang='lat' dir='ltr'>mittere</span> 
     </span>
     <span class='ocr_line' id='line_1_8' title="bbox 544 1353 2875 1444; baseline -0.001 -23"><span class='ocrx_word' id='word_1_48' title='bbox 544 1356 816 1440; x_wconf 86' lang='lat' dir='ltr'>auxilia,</span> <span class='ocrx_word' id='word_1_49' title='bbox 885 1355 1086 1422; x_wconf 88' lang='lat' dir='ltr'>facile</span> <span class='ocrx_word' id='word_1_50' title='bbox 1151 1356 1558 1444; x_wconf 85' lang='lat' dir='ltr'>perspicitur</span> <span class='ocrx_word' id='word_1_51' title='bbox 1622 1355 1811 1421; x_wconf 91' lang='lat' dir='ltr'>nullo</span> <span class='ocrx_word' id='word_1_52' title='bbox 1871 1356 2073 1421; x_wconf 91' lang='lat' dir='ltr'>modo</span> <span class='ocrx_word' id='word_1_53' title='bbox 2133 1354 2336 1440; x_wconf 87' lang='lat' dir='ltr'>hujus</span> <span class='ocrx_word' id='word_1_54' title='bbox 2405 1353 2738 1440; x_wconf 83' lang='lat' dir='ltr'>subjectos</span> <span class='ocrx_word' id='word_1_55' title='bbox 2805 1361 2875 1420; x_wconf 90' lang='lat' dir='ltr'>et</span> 
     </span>
     <span class='ocr_line' id='line_1_9' title="bbox 543 1459 2873 1552; baseline -0.002 -23"><span class='ocrx_word' id='word_1_56' title='bbox 543 1464 753 1529; x_wconf 90' lang='lat' dir='ltr'>socios</span> <span class='ocrx_word' id='word_1_57' title='bbox 778 1464 837 1551; x_wconf 82' lang='grc'>2)</span> <span class='ocrx_word' id='word_1_58' title='bbox 903 1469 1136 1552; x_wconf 88' lang='lat' dir='ltr'>aperte</span> <span class='ocrx_word' id='word_1_59' title='bbox 1196 1462 1517 1551; x_wconf 77' lang='lat' dir='ltr'>opitulari</span> <span class='ocrx_word' id='word_1_60' title='bbox 1559 1462 1884 1550; x_wconf 83' lang='lat' dir='ltr'>potuisse,</span> <span class='ocrx_word' id='word_1_61' title='bbox 1934 1468 2002 1526; x_wconf 92' lang='lat' dir='ltr'>et</span> <span class='ocrx_word' id='word_1_62' title='bbox 2046 1460 2104 1527; x_wconf 92' lang='lat' dir='ltr'>si</span> <span class='ocrx_word' id='word_1_63' title='bbox 2150 1459 2486 1546; x_wconf 80' lang='lat' dir='ltr'>fecissent,</span> <span class='ocrx_word' id='word_1_64' title='bbox 2534 1460 2873 1547; x_wconf 85' lang='lat' dir='ltr'>Thucydi-</span> 
     </span>
     <span class='ocr_line' id='line_1_10' title="bbox 544 1567 2873 1659; baseline -0.002 -23"><span class='ocrx_word' id='word_1_65' title='bbox 544 1571 720 1655; x_wconf 89' lang='lat' dir='ltr'>dem,</span> <span class='ocrx_word' id='word_1_66' title='bbox 768 1571 1344 1659; x_wconf 79' lang='lat' dir='ltr'>accuratissimum</span> <span class='ocrx_word' id='word_1_67' title='bbox 1378 1591 1604 1635; x_wconf 90' lang='lat' dir='ltr'>rerum</span> <span class='ocrx_word' id='word_1_68' title='bbox 1652 1569 2068 1657; x_wconf 79' lang='lat' dir='ltr'>scriptorem,</span> <span class='ocrx_word' id='word_1_69' title='bbox 2097 1568 2229 1635; x_wconf 94' lang='lat' dir='ltr'>hoc</span> <span class='ocrx_word' id='word_1_70' title='bbox 2247 1568 2442 1634; x_wconf 91' lang='lat' dir='ltr'>nobis</span> <span class='ocrx_word' id='word_1_71' title='bbox 2463 1567 2873 1633; x_wconf 88' lang='lat' dir='ltr'>traditurum</span> 
     </span>
     <span class='ocr_line' id='line_1_11' title="bbox 542 1674 2875 1764; baseline -0.002 -22"><span class='ocrx_word' id='word_1_72' title='bbox 542 1676 767 1742; x_wconf 82' lang='lat' dir='ltr'>fuisse.</span> <span class='ocrx_word' id='word_1_73' title='bbox 838 1675 972 1742; x_wconf 86' lang='lat' dir='ltr'>Sed</span> <span class='ocrx_word' id='word_1_74' title='bbox 1022 1677 1144 1742; x_wconf 91' lang='lat' dir='ltr'>sub</span> <span class='ocrx_word' id='word_1_75' title='bbox 1191 1676 1512 1764; x_wconf 88' lang='lat' dir='ltr'>Philippo</span> <span class='ocrx_word' id='word_1_76' title='bbox 1559 1674 1891 1760; x_wconf 88' lang='lat' dir='ltr'>Secundo,</span> <span class='ocrx_word' id='word_1_77' title='bbox 1940 1698 2094 1740; x_wconf 89' lang='lat' dir='ltr'>cum</span> <span class='ocrx_word' id='word_1_78' title='bbox 2137 1674 2537 1741; x_wconf 89' lang='lat' dir='ltr'>Macedonia</span> <span class='ocrx_word' id='word_1_79' title='bbox 2580 1696 2875 1740; x_wconf 88' lang='lat' dir='ltr'>crescere</span> 
     </span>
     <span class='ocr_line' id='line_1_12' title="bbox 542 1780 2872 1872; baseline -0.002 -23"><span class='ocrx_word' id='word_1_80' title='bbox 542 1784 784 1872; x_wconf 88' lang='lat' dir='ltr'>coepit,</span> <span class='ocrx_word' id='word_1_81' title='bbox 846 1784 991 1870; x_wconf 84' lang='lat' dir='ltr'>jam</span> <span class='ocrx_word' id='word_1_82' title='bbox 1059 1783 1290 1849; x_wconf 90' lang='lat' dir='ltr'>statim</span> <span class='ocrx_word' id='word_1_83' title='bbox 1359 1783 1610 1848; x_wconf 88' lang='lat' dir='ltr'>Orestis</span> <span class='ocrx_word' id='word_1_84' title='bbox 1678 1783 1752 1848; x_wconf 92' lang='lat' dir='ltr'>in</span> <span class='ocrx_word' id='word_1_85' title='bbox 1799 1782 2130 1849; x_wconf 90' lang='lat' dir='ltr'>dicionem</span> <span class='ocrx_word' id='word_1_86' title='bbox 2202 1780 2345 1868; x_wconf 86' lang='lat' dir='ltr'>ejus</span> <span class='ocrx_word' id='word_1_87' title='bbox 2406 1782 2683 1847; x_wconf 91' lang='lat' dir='ltr'>redacta</span> <span class='ocrx_word' id='word_1_88' title='bbox 2750 1786 2872 1862; x_wconf 88' lang='lat' dir='ltr'>est,</span> 
     </span>
     <span class='ocr_line' id='line_1_13' title="bbox 541 1869 2871 1978; baseline -0.001 -22"><span class='ocrx_word' id='word_1_89' title='bbox 541 1892 702 1957; x_wconf 89' lang='lat' dir='ltr'>inde</span> <span class='ocrx_word' id='word_1_90' title='bbox 764 1891 861 1956; x_wconf 74' lang='lat' dir='ltr'>ab·</span> <span class='ocrx_word' id='word_1_91' title='bbox 909 1890 1037 1956; x_wconf 90' lang='lat' dir='ltr'>hoc</span> <span class='ocrx_word' id='word_1_92' title='bbox 1082 1897 1405 1978; x_wconf 88' lang='lat' dir='ltr'>tempore,</span> <span class='ocrx_word' id='word_1_93' title='bbox 1451 1896 1528 1955; x_wconf 88' lang='lat' dir='ltr'>ut</span> <span class='ocrx_word' id='word_1_94' title='bbox 1574 1896 1812 1977; x_wconf 87' lang='lat' dir='ltr'>postea</span> <span class='ocrx_word' id='word_1_95' title='bbox 1869 1889 2247 1978; x_wconf 85' lang='lat' dir='ltr'>apparebit,</span> <span class='ocrx_word' id='word_1_96' title='bbox 2291 1888 2730 1954; x_wconf 90' lang='lat' dir='ltr'>Macedonica</span> <span class='ocrx_word' id='word_1_97' title='bbox 2772 1869 2871 1973; x_wconf 75' lang='lat' dir='ltr'>fit,</span> 
     </span>
     <span class='ocr_line' id='line_1_14' title="bbox 541 1995 2874 2087; baseline -0.001 -23"><span class='ocrx_word' id='word_1_98' title='bbox 541 2020 762 2085; x_wconf 87' lang='lat' dir='ltr'>neque</span> <span class='ocrx_word' id='word_1_99' title='bbox 808 1997 1098 2087; x_wconf 88' lang='lat' dir='ltr'>amplius</span> <span class='ocrx_word' id='word_1_100' title='bbox 1142 1997 1459 2083; x_wconf 87' lang='lat' dir='ltr'>gentibus</span> <span class='ocrx_word' id='word_1_101' title='bbox 1505 1996 1869 2085; x_wconf 85' lang='lat' dir='ltr'>Epiroticis</span> <span class='ocrx_word' id='word_1_102' title='bbox 1917 1997 2427 2062; x_wconf 90' lang='lat' dir='ltr'>adnumeranda</span> <span class='ocrx_word' id='word_1_103' title='bbox 2474 2002 2574 2061; x_wconf 83' lang='lat' dir='ltr'>est</span> <span class='ocrx_word' id='word_1_104' title='bbox 2603 1995 2676 2083; x_wconf 83' lang='lat'>3).</span> <span class='ocrx_word' id='word_1_105' title='bbox 2723 1996 2874 2061; x_wconf 88' lang='lat' dir='ltr'>Hae</span> 
     </span>
     <span class='ocr_line' id='line_1_15' title="bbox 542 2103 2874 2193; baseline -0.001 -22"><span class='ocrx_word' id='word_1_106' title='bbox 542 2113 699 2172; x_wconf 88' lang='lat' dir='ltr'>sunt</span> <span class='ocrx_word' id='word_1_107' title='bbox 756 2112 994 2193; x_wconf 85' lang='lat' dir='ltr'>gentes</span> <span class='ocrx_word' id='word_1_108' title='bbox 1052 2104 1297 2191; x_wconf 87' lang='lat' dir='ltr'>quibus</span> <span class='ocrx_word' id='word_1_109' title='bbox 1344 2105 1716 2170; x_wconf 89' lang='lat' dir='ltr'>secundum</span> <span class='ocrx_word' id='word_1_110' title='bbox 1761 2103 2230 2190; x_wconf 86' lang='lat' dir='ltr'>Thucydidem</span> <span class='ocrx_word' id='word_1_111' title='bbox 2273 2126 2395 2168; x_wconf 83' lang='lat' dir='ltr'>rex</span> <span class='ocrx_word' id='word_1_112' title='bbox 2436 2103 2874 2170; x_wconf 89' lang='lat' dir='ltr'>Macedoniae</span> 
     </span>
     <span class='ocr_line' id='line_1_16' title="bbox 543 2212 1440 2280; baseline -0.003 -1"><span class='ocrx_word' id='word_1_113' title='bbox 543 2235 720 2280; x_wconf 87' lang='lat' dir='ltr'>anno</span> <span class='ocrx_word' id='word_1_114' title='bbox 764 2214 896 2278; x_wconf 81' lang='lat'>429</span> <span class='ocrx_word' id='word_1_115' title='bbox 931 2212 1440 2278; x_wconf 83' lang='lat' dir='ltr'>dominabatur.</span> 
     </span>
    </p>

    <p class='ocr_par' dir='ltr' id='par_1_3' title="bbox 538 2316 2877 3047">
     <span class='ocr_line' id='line_1_17' title="bbox 628 2316 2872 2403; baseline -0.002 -18"><span class='ocrx_word' id='word_1_116' title='bbox 628 2319 983 2387; x_wconf 83' lang='lat' dir='ltr'>Terminus</span> <span class='ocrx_word' id='word_1_117' title='bbox 1055 2324 1282 2384; x_wconf 88' lang='lat' dir='ltr'>autem</span> <span class='ocrx_word' id='word_1_118' title='bbox 1344 2319 1431 2383; x_wconf 89' lang='lat' dir='ltr'>ad</span> <span class='ocrx_word' id='word_1_119' title='bbox 1503 2318 1745 2383; x_wconf 85' lang='lat' dir='ltr'>Ortum</span> <span class='ocrx_word' id='word_1_120' title='bbox 1812 2316 1969 2382; x_wconf 92' lang='lat' dir='ltr'>solis</span> <span class='ocrx_word' id='word_1_121' title='bbox 2039 2323 2141 2382; x_wconf 90' lang='lat' dir='ltr'>est</span> <span class='ocrx_word' id='word_1_122' title='bbox 2211 2316 2534 2403; x_wconf 86' lang='lat' dir='ltr'>Strymon</span> <span class='ocrx_word' id='word_1_123' title='bbox 2600 2317 2872 2400; x_wconf 88' lang='lat' dir='ltr'>flumen,</span> 
     </span>
     <span class='ocr_line' id='line_1_18' title="bbox 544 2423 2877 2512; baseline -0.002 -21"><span class='ocrx_word' id='word_1_124' title='bbox 544 2427 725 2512; x_wconf 88' lang='lat' dir='ltr'>quod</span> <span class='ocrx_word' id='word_1_125' title='bbox 794 2426 955 2490; x_wconf 90' lang='lat' dir='ltr'>inde</span> <span class='ocrx_word' id='word_1_126' title='bbox 1024 2424 1110 2491; x_wconf 89' lang='lat' dir='ltr'>ab</span> <span class='ocrx_word' id='word_1_127' title='bbox 1180 2447 1297 2490; x_wconf 91' lang='lat' dir='ltr'>ora</span> <span class='ocrx_word' id='word_1_128' title='bbox 1363 2424 1707 2490; x_wconf 87' lang='lat' dir='ltr'>maritima</span> <span class='ocrx_word' id='word_1_129' title='bbox 1773 2446 1988 2510; x_wconf 89' lang='lat' dir='ltr'>usque</span> <span class='ocrx_word' id='word_1_130' title='bbox 2058 2424 2145 2488; x_wconf 88' lang='lat' dir='ltr'>ad</span> <span class='ocrx_word' id='word_1_131' title='bbox 2214 2445 2327 2489; x_wconf 89' lang='lat' dir='ltr'>eas</span> <span class='ocrx_word' id='word_1_132' title='bbox 2386 2424 2695 2509; x_wconf 85' lang='lat' dir='ltr'>regiones</span> <span class='ocrx_word' id='word_1_133' title='bbox 2756 2423 2877 2488; x_wconf 89' lang='lat' dir='ltr'>ubi</span> 
     </span>
     <span class='ocr_line' id='line_1_19' title="bbox 539 2530 2877 2621; baseline -0.002 -23"><span class='ocrx_word' id='word_1_134' title='bbox 539 2539 776 2621; x_wconf 89' lang='lat' dir='ltr'>postea</span> <span class='ocrx_word' id='word_1_135' title='bbox 819 2531 1151 2597; x_wconf 88' lang='lat' dir='ltr'>Heraclea</span> <span class='ocrx_word' id='word_1_136' title='bbox 1196 2530 1457 2598; x_wconf 86' lang='lat' dir='ltr'>Sintica</span> <span class='ocrx_word' id='word_1_137' title='bbox 1503 2532 1776 2597; x_wconf 90' lang='lat' dir='ltr'>condita</span> <span class='ocrx_word' id='word_1_138' title='bbox 1823 2537 1942 2615; x_wconf 89' lang='lat' dir='ltr'>est,</span> <span class='ocrx_word' id='word_1_139' title='bbox 1991 2530 2460 2597; x_wconf 88' lang='lat' dir='ltr'>Macedoniam</span> <span class='ocrx_word' id='word_1_140' title='bbox 2509 2554 2550 2596; x_wconf 92' lang='lat' dir='ltr'>a</span> <span class='ocrx_word' id='word_1_141' title='bbox 2589 2531 2877 2597; x_wconf 88' lang='lat' dir='ltr'>Thracia</span> 
     </span>
     <span class='ocr_line' id='line_1_20' title="bbox 542 2638 2872 2727; baseline -0.001 -21"><span class='ocrx_word' id='word_1_142' title='bbox 542 2640 985 2723; x_wconf 84' lang='lat' dir='ltr'>disterminat,</span> <span class='ocrx_word' id='word_1_143' title='bbox 1035 2661 1189 2705; x_wconf 89' lang='lat' dir='ltr'>cum</span> <span class='ocrx_word' id='word_1_144' title='bbox 1233 2638 1648 2704; x_wconf 88' lang='lat' dir='ltr'>Bisaltorum</span> <span class='ocrx_word' id='word_1_145' title='bbox 1698 2638 1844 2726; x_wconf 88' lang='lat' dir='ltr'>agri</span> <span class='ocrx_word' id='word_1_146' title='bbox 1894 2659 1971 2704; x_wconf 92' lang='lat' dir='ltr'>eo</span> <span class='ocrx_word' id='word_1_147' title='bbox 2017 2660 2230 2725; x_wconf 88' lang='lat' dir='ltr'>usque</span> <span class='ocrx_word' id='word_1_148' title='bbox 2274 2639 2779 2727; x_wconf 87' lang='lat' dir='ltr'>porrigerentur</span> <span class='ocrx_word' id='word_1_149' title='bbox 2800 2638 2872 2727; x_wconf 76' lang='lat'>⁴).</span> 
     </span>
     <span class='ocr_line' id='line_1_21' title="bbox 540 2745 2876 2834; baseline -0 -22"><span class='ocrx_word' id='word_1_150' title='bbox 540 2745 713 2812; x_wconf 92' lang='lat' dir='ltr'>Tum</span> <span class='ocrx_word' id='word_1_151' title='bbox 759 2747 1084 2812; x_wconf 88' lang='lat' dir='ltr'>terminus</span> <span class='ocrx_word' id='word_1_152' title='bbox 1120 2745 1663 2834; x_wconf 87' lang='lat' dir='ltr'>septentrionalis</span> <span class='ocrx_word' id='word_1_153' title='bbox 1692 2767 1835 2811; x_wconf 86' lang='lat' dir='ltr'>sese</span> <span class='ocrx_word' id='word_1_154' title='bbox 1858 2746 2164 2811; x_wconf 87' lang='lat' dir='ltr'>extendit</span> <span class='ocrx_word' id='word_1_155' title='bbox 2188 2747 2556 2813; x_wconf 88' lang='lat' dir='ltr'>secundum</span> <span class='ocrx_word' id='word_1_156' title='bbox 2580 2745 2876 2811; x_wconf 87' lang='lat' dir='ltr'>Pontum</span> 
     </span>
     <span class='ocr_line' id='line_1_22' title="bbox 540 2850 2877 2939; baseline 0 -22"><span class='ocrx_word' id='word_1_157' title='bbox 540 2852 836 2918; x_wconf 87' lang='lat' dir='ltr'>fluvium</span> <span class='ocrx_word' id='word_1_158' title='bbox 903 2850 1344 2938; x_wconf 78' lang='lat' dir='ltr'>(Strumnitsa</span> <span class='ocrx_word' id='word_1_159' title='bbox 1403 2850 1631 2938; x_wconf 88' lang='lat' dir='ltr'>hodie)</span> <span class='ocrx_word' id='word_1_160' title='bbox 1659 2851 1708 2935; x_wconf 86' lang='lat'>5)</span> <span class='ocrx_word' id='word_1_161' title='bbox 1758 2874 1798 2917; x_wconf 89' lang='lat' dir='ltr'>a</span> <span class='ocrx_word' id='word_1_162' title='bbox 1842 2853 2124 2918; x_wconf 89' lang='lat' dir='ltr'>meridie</span> <span class='ocrx_word' id='word_1_163' title='bbox 2171 2853 2315 2938; x_wconf 89' lang='lat' dir='ltr'>ejus</span> <span class='ocrx_word' id='word_1_164' title='bbox 2361 2853 2656 2939; x_wconf 88' lang='lat' dir='ltr'>regionis</span> <span class='ocrx_word' id='word_1_165' title='bbox 2704 2874 2877 2938; x_wconf 86' lang='lat' dir='ltr'>quae</span> 
     </span>
     <span class='ocr_line' id='line_1_23' title="bbox 538 2958 2875 3047; baseline 0 -24"><span class='ocrx_word' id='word_1_166' title='bbox 538 2959 843 3024; x_wconf 90' lang='lat' dir='ltr'>Doberus</span> <span class='ocrx_word' id='word_1_167' title='bbox 889 2965 1171 3024; x_wconf 86' lang='lat' dir='ltr'>vocatur</span> <span class='ocrx_word' id='word_1_168' title='bbox 1212 2959 1262 3040; x_wconf 75' lang='lat'>⁶)</span> <span class='ocrx_word' id='word_1_169' title='bbox 1324 2980 1537 3045; x_wconf 87' lang='lat' dir='ltr'>usque</span> <span class='ocrx_word' id='word_1_170' title='bbox 1579 2960 1666 3024; x_wconf 89' lang='lat' dir='ltr'>ad</span> <span class='ocrx_word' id='word_1_171' title='bbox 1714 2958 1943 3025; x_wconf 85' lang='lat' dir='ltr'>:fauces</span> <span class='ocrx_word' id='word_1_172' title='bbox 1995 2960 2155 3025; x_wconf 85' lang='lat' dir='ltr'>Axii</span> <span class='ocrx_word' id='word_1_173' title='bbox 2199 2959 2497 3025; x_wconf 87' lang='lat' dir='ltr'>fluminis</span> <span class='ocrx_word' id='word_1_174' title='bbox 2521 2960 2613 3047; x_wconf 87' lang='lat'>⁷):</span> <span class='ocrx_word' id='word_1_175' title='bbox 2659 2958 2875 3024; x_wconf 88' lang='lat' dir='ltr'>Vallis</span> 
     </span>
    </p>
   </div>
   <div class='ocr_carea' id='block_1_3' title="bbox 538 3064 2876 3257">
    <p class='ocr_par' dir='ltr' id='par_1_4' title="bbox 538 3064 2876 3257">
     <span class='ocr_line' id='line_1_24' title="bbox 538 3064 2876 3154; baseline 0 -24"><span class='ocrx_word' id='word_1_176' title='bbox 538 3065 744 3131; x_wconf 88' lang='lat' dir='ltr'>Ponti</span> <span class='ocrx_word' id='word_1_177' title='bbox 786 3064 981 3129; x_wconf 86' lang='lat' dir='ltr'>fluvii</span> <span class='ocrx_word' id='word_1_178' title='bbox 1042 3086 1164 3152; x_wconf 87' lang='lat' dir='ltr'>per</span> <span class='ocrx_word' id='word_1_179' title='bbox 1224 3066 1451 3131; x_wconf 91' lang='lat' dir='ltr'>omnia</span> <span class='ocrx_word' id='word_1_180' title='bbox 1512 3071 1822 3153; x_wconf 89' lang='lat' dir='ltr'>tempora</span> <span class='ocrx_word' id='word_1_181' title='bbox 1884 3065 2217 3154; x_wconf 85' lang='lat' dir='ltr'>optimum</span> <span class='ocrx_word' id='word_1_182' title='bbox 2263 3066 2525 3131; x_wconf 88' lang='lat' dir='ltr'>aditum</span> <span class='ocrx_word' id='word_1_183' title='bbox 2570 3065 2876 3130; x_wconf 89' lang='lat' dir='ltr'>barbaris</span> 
     </span>
     <span class='ocr_line' id='line_1_25' title="bbox 538 3171 2300 3257; baseline 0 -19"><span class='ocrx_word' id='word_1_184' title='bbox 538 3171 912 3238; x_wconf 83' lang='lat' dir='ltr'>Thracibus</span> <span class='ocrx_word' id='word_1_185' title='bbox 959 3171 1169 3236; x_wconf 88' lang='lat' dir='ltr'>dabat</span> <span class='ocrx_word' id='word_1_186' title='bbox 1209 3172 1284 3236; x_wconf 90' lang='lat' dir='ltr'>in</span> <span class='ocrx_word' id='word_1_187' title='bbox 1332 3193 1526 3257; x_wconf 89' lang='lat' dir='ltr'>agros</span> <span class='ocrx_word' id='word_1_188' title='bbox 1574 3172 1662 3237; x_wconf 91' lang='lat' dir='ltr'>ad</span> <span class='ocrx_word' id='word_1_189' title='bbox 1709 3171 1964 3238; x_wconf 81' lang='lat' dir='ltr'>Axium</span> <span class='ocrx_word' id='word_1_190' title='bbox 2009 3173 2190 3239; x_wconf 90' lang='lat' dir='ltr'>sitos.</span> <span class='ocrx_word' id='word_1_191' title='bbox 2230 3171 2300 3255; x_wconf 78' lang='lat'>⁸).</span> 
     </span>
    </p>
   </div>
   <div class='ocr_carea' id='block_1_4' title="bbox 544 3353 964 3363">
    <p class='ocr_par' dir='ltr' id='par_1_5' title="bbox 544 3353 964 3363">
     <span class='ocr_line' id='line_1_26' title="bbox 544 3353 964 3363; baseline 0 1987"><span class='ocrx_word' id='word_1_192' title='bbox 544 3353 964 3363; x_wconf 95' lang='lat' dir='ltr'> </span> 
     </span>
    </p>
   </div>
   <div class='ocr_carea' id='block_1_5' title="bbox 536 3473 2879 4429">
    <p class='ocr_par' dir='ltr' id='par_1_6' title="bbox 538 3473 2879 3636">
     <span class='ocr_line' id='line_1_27' title="bbox 589 3473 2879 3543; baseline -0 -16"><span class='ocrx_word' id='word_1_193' title='bbox 589 3475 636 3543; x_wconf 80' lang='lat'>1)</span> <span class='ocrx_word' id='word_1_194' title='bbox 676 3476 848 3530; x_wconf 82' lang='lat' dir='ltr'>Thuc.</span> <span class='ocrx_word' id='word_1_195' title='bbox 885 3477 934 3528; x_wconf 95' lang='grc'>2.</span> <span class='ocrx_word' id='word_1_196' title='bbox 973 3477 1057 3529; x_wconf 86' lang='grc'><strong>29.</strong></span> <span class='ocrx_word' id='word_1_197' title='bbox 1096 3477 1145 3528; x_wconf 83' lang='grc'>7.</span> <span class='ocrx_word' id='word_1_198' title='bbox 1182 3477 1462 3531; x_wconf 64' lang='lat' dir='ltr'>Demosssh.</span> <span class='ocrx_word' id='word_1_199' title='bbox 1501 3476 1586 3531; x_wconf 82' lang='lat'>79.</span> <span class='ocrx_word' id='word_1_200' title='bbox 1622 3477 1707 3531; x_wconf 87' lang='grc'><strong>20.</strong></span> <span class='ocrx_word' id='word_1_201' title='bbox 1741 3473 1940 3541; x_wconf 74' lang='grc' dir='ltr'><strong><em>ἔφ’ἥμῒν</em></strong></span> <span class='ocrx_word' id='word_1_202' title='bbox 1974 3477 2070 3543; x_wconf 70' lang='grc' dir='ltr'>γὰρ</span> <span class='ocrx_word' id='word_1_203' title='bbox 2123 3474 2176 3533; x_wconf 70' lang='grc' dir='ltr'>ἦν</span> <span class='ocrx_word' id='word_1_204' title='bbox 2213 3476 2241 3532; x_wconf 72' lang='grc' dir='ltr'><strong><em>ἦ</em></strong></span> <span class='ocrx_word' id='word_1_205' title='bbox 2282 3474 2555 3526; x_wconf 64' lang='grc' dir='ltr'><strong><em>Μακεδονία</em></strong></span> <span class='ocrx_word' id='word_1_206' title='bbox 2592 3477 2677 3528; x_wconf 74' lang='grc' dir='ltr'>καὶ</span> <span class='ocrx_word' id='word_1_207' title='bbox 2713 3479 2879 3539; x_wconf 79' lang='grc' dir='ltr'><strong><em>Φόρους</em></strong></span> 
     </span>
     <span class='ocr_line' id='line_1_28' title="bbox 538 3563 2074 3636; baseline -0.002 -15"><span class='ocrx_word' id='word_1_208' title='bbox 538 3564 653 3628; x_wconf 68' lang='grc' dir='ltr'>ἡμῖν</span> <span class='ocrx_word' id='word_1_209' title='bbox 687 3563 823 3629; x_wconf 72' lang='grc' dir='ltr'><strong><em>’ἔφερε</em></strong></span> <span class='ocrx_word' id='word_1_210' title='bbox 876 3566 944 3619; x_wconf 90' lang='lat' dir='ltr'>cf.</span> <span class='ocrx_word' id='word_1_211' title='bbox 980 3565 1098 3620; x_wconf 79' lang='lat'>156.</span> <span class='ocrx_word' id='word_1_212' title='bbox 1139 3564 1219 3620; x_wconf 88' lang='lat'>18.</span> <span class='ocrx_word' id='word_1_213' title='bbox 1259 3566 1409 3621; x_wconf 80' lang='lat' dir='ltr'>Abel.</span> <span class='ocrx_word' id='word_1_214' title='bbox 1449 3566 1817 3621; x_wconf 84' lang='lat' dir='ltr'>Makedonien</span> <span class='ocrx_word' id='word_1_215' title='bbox 1857 3584 1909 3636; x_wconf 86' lang='lat' dir='ltr'>p.</span> <span class='ocrx_word' id='word_1_216' title='bbox 1954 3565 2074 3619; x_wconf 86' lang='lat'>170.</span> 
     </span>
    </p>

    <p class='ocr_par' dir='ltr' id='par_1_7' title="bbox 596 3653 1065 3724">
     <span class='ocr_line' id='line_1_29' title="bbox 596 3653 1065 3724; baseline 0.002 -17"><span class='ocrx_word' id='word_1_217' title='bbox 596 3653 642 3724; x_wconf 88' lang='grc'>2)</span> <span class='ocrx_word' id='word_1_218' title='bbox 682 3654 852 3709; x_wconf 81' lang='lat' dir='ltr'>Thac.</span> <span class='ocrx_word' id='word_1_219' title='bbox 893 3654 940 3707; x_wconf 85' lang='lat'>2.</span> <span class='ocrx_word' id='word_1_220' title='bbox 980 3654 1065 3708; x_wconf 84' lang='lat'>99.</span> 
     </span>
    </p>

    <p class='ocr_par' dir='ltr' id='par_1_8' title="bbox 590 3742 2547 3816">
     <span class='ocr_line' id='line_1_30' title="bbox 590 3742 2547 3816; baseline -0.001 -19"><span class='ocrx_word' id='word_1_221' title='bbox 590 3742 639 3808; x_wconf 88' lang='grc'>3)</span> <span class='ocrx_word' id='word_1_222' title='bbox 676 3744 742 3797; x_wconf 89' lang='lat' dir='ltr'>cf.</span> <span class='ocrx_word' id='word_1_223' title='bbox 781 3744 964 3798; x_wconf 86' lang='lat' dir='ltr'>Kuhn.</span> <span class='ocrx_word' id='word_1_224' title='bbox 1003 3744 1180 3798; x_wconf 88' lang='lat' dir='ltr'>Ueber</span> <span class='ocrx_word' id='word_1_225' title='bbox 1216 3744 1302 3799; x_wconf 84' lang='lat' dir='ltr'>die</span> <span class='ocrx_word' id='word_1_226' title='bbox 1338 3745 1687 3816; x_wconf 85' lang='lat' dir='ltr'>Entstehung</span> <span class='ocrx_word' id='word_1_227' title='bbox 1725 3745 1776 3799; x_wconf 91' lang='lat' dir='ltr'>d.</span> <span class='ocrx_word' id='word_1_228' title='bbox 1816 3744 2010 3799; x_wconf 70' lang='lat' dir='ltr'>Stadte</span> <span class='ocrx_word' id='word_1_229' title='bbox 2047 3744 2099 3798; x_wconf 85' lang='lat' dir='ltr'>d.</span> <span class='ocrx_word' id='word_1_230' title='bbox 2137 3744 2296 3798; x_wconf 84' lang='lat' dir='ltr'>Alten</span> <span class='ocrx_word' id='word_1_231' title='bbox 2334 3762 2388 3814; x_wconf 86' lang='lat' dir='ltr'>p.</span> <span class='ocrx_word' id='word_1_232' title='bbox 2426 3744 2547 3797; x_wconf 86' lang='lat'>144.</span> 
     </span>
    </p>

    <p class='ocr_par' dir='ltr' id='par_1_9' title="bbox 536 3830 2878 4081">
     <span class='ocr_line' id='line_1_31' title="bbox 588 3830 2878 3901; baseline -0.002 -14"><span class='ocrx_word' id='word_1_233' title='bbox 588 3831 637 3896; x_wconf 75' lang='lat'>4)</span> <span class='ocrx_word' id='word_1_234' title='bbox 676 3833 875 3887; x_wconf 77' lang='lat' dir='ltr'>Strabo</span> <span class='ocrx_word' id='word_1_235' title='bbox 931 3833 1035 3887; x_wconf 84' lang='lat'>329</span> <span class='ocrx_word' id='word_1_236' title='bbox 1090 3835 1152 3887; x_wconf 80' lang='lat' dir='ltr'>fr.</span> <span class='ocrx_word' id='word_1_237' title='bbox 1211 3834 1307 3901; x_wconf 87' lang='lat' dir='ltr'>ll;</span> <span class='ocrx_word' id='word_1_238' title='bbox 1362 3833 1482 3887; x_wconf 85' lang='lat'>331.</span> <span class='ocrx_word' id='word_1_239' title='bbox 1540 3834 1605 3886; x_wconf 84' lang='lat' dir='ltr'>fr.</span> <span class='ocrx_word' id='word_1_240' title='bbox 1662 3834 1749 3888; x_wconf 84' lang='lat'>36.</span> <span class='ocrx_word' id='word_1_241' title='bbox 1803 3833 1959 3887; x_wconf 88' lang='lat' dir='ltr'>Diod.</span> <span class='ocrx_word' id='word_1_242' title='bbox 2014 3833 2099 3887; x_wconf 86' lang='grc'>31.</span> <span class='ocrx_word' id='word_1_243' title='bbox 2149 3832 2199 3887; x_wconf 88' lang='grc'>8.</span> <span class='ocrx_word' id='word_1_244' title='bbox 2241 3834 2288 3885; x_wconf 84' lang='grc'>7.</span> <span class='ocrx_word' id='word_1_245' title='bbox 2327 3835 2437 3895; x_wconf 74' lang='grc' dir='ltr'><strong><em>πρὸς</em></strong></span> <span class='ocrx_word' id='word_1_246' title='bbox 2472 3830 2663 3894; x_wconf 72' lang='grc' dir='ltr'><strong><em>δυσ-μὰς</em></strong></span> <span class='ocrx_word' id='word_1_247' title='bbox 2698 3830 2750 3881; x_wconf 70' lang='grc' dir='ltr'>δὲ</span> <span class='ocrx_word' id='word_1_248' title='bbox 2786 3836 2878 3882; x_wconf 73' lang='grc' dir='ltr'>τοῦ</span> 
     </span>
     <span class='ocr_line' id='line_1_32' title="bbox 536 3920 2878 3988; baseline 0 -15"><span class='ocrx_word' id='word_1_249' title='bbox 536 3926 798 3985; x_wconf 78' lang='grc' dir='ltr'><strong><em>Στρυμόνος</em></strong></span> <span class='ocrx_word' id='word_1_250' title='bbox 853 3923 1098 3975; x_wconf 75' lang='grc' dir='ltr'>Βισαλτία</span> <span class='ocrx_word' id='word_1_251' title='bbox 1152 3931 1291 3975; x_wconf 74' lang='grc' dir='ltr'><strong><em>πᾶσα</em></strong></span> <span class='ocrx_word' id='word_1_252' title='bbox 1342 3925 1476 3985; x_wconf 72' lang='grc' dir='ltr'>μετὰ</span> <span class='ocrx_word' id='word_1_253' title='bbox 1530 3927 1620 3983; x_wconf 71' lang='grc' dir='ltr'>τῆς</span> <span class='ocrx_word' id='word_1_254' title='bbox 1656 3920 1704 3973; x_wconf 79' lang='grc' dir='ltr'>ἐν</span> <span class='ocrx_word' id='word_1_255' title='bbox 1753 3928 1817 3988; x_wconf 68' lang='grc' dir='ltr'>τῇ</span> <span class='ocrx_word' id='word_1_256' title='bbox 1856 3926 2051 3988; x_wconf 70' lang='grc' dir='ltr'><strong><em>Σιντικῇ</em></strong></span> <span class='ocrx_word' id='word_1_257' title='bbox 2090 3922 2389 3985; x_wconf 83' lang='grc' dir='ltr'><strong><em>Ἡρακλείας.</em></strong></span> <span class='ocrx_word' id='word_1_258' title='bbox 2425 3922 2538 3977; x_wconf 80' lang='lat' dir='ltr'>Liv.</span> <span class='ocrx_word' id='word_1_259' title='bbox 2578 3923 2663 3976; x_wconf 84' lang='lat'>45.</span> <span class='ocrx_word' id='word_1_260' title='bbox 2703 3921 2786 3974; x_wconf 88' lang='grc'>29.</span> <span class='ocrx_word' id='word_1_261' title='bbox 2826 3922 2878 3975; x_wconf 88' lang='grc'>6.</span> 
     </span>
     <span class='ocr_line' id='line_1_33' title="bbox 537 4011 971 4081; baseline -0.005 -16"><span class='ocrx_word' id='word_1_262' title='bbox 537 4012 720 4075; x_wconf 76' lang='lat' dir='ltr'>Kuhfl,</span> <span class='ocrx_word' id='word_1_263' title='bbox 759 4029 811 4081; x_wconf 87' lang='lat' dir='ltr'>p.</span> <span class='ocrx_word' id='word_1_264' title='bbox 851 4011 971 4066; x_wconf 81' lang='lat'>315.</span> 
     </span>
    </p>

    <p class='ocr_par' dir='ltr' id='par_1_10' title="bbox 588 4100 1558 4167">
     <span class='ocr_line' id='line_1_34' title="bbox 588 4100 1558 4167; baseline -0.004 -13"><span class='ocrx_word' id='word_1_265' title='bbox 588 4100 635 4167; x_wconf 84' lang='lat'>5)</span> <span class='ocrx_word' id='word_1_266' title='bbox 672 4100 947 4156; x_wconf 88' lang='lat' dir='ltr'>Demitsas</span> <span class='ocrx_word' id='word_1_267' title='bbox 989 4101 1056 4155; x_wconf 91' lang='lat' dir='ltr'>II.</span> <span class='ocrx_word' id='word_1_268' title='bbox 1097 4101 1216 4155; x_wconf 85' lang='lat'>502.</span> <span class='ocrx_word' id='word_1_269' title='bbox 1257 4101 1386 4155; x_wconf 89' lang='lat' dir='ltr'>ibid.</span> <span class='ocrx_word' id='word_1_270' title='bbox 1427 4101 1469 4154; x_wconf 93' lang='lat' dir='ltr'>I.</span> <span class='ocrx_word' id='word_1_271' title='bbox 1507 4102 1558 4153; x_wconf 87' lang='grc'>4.</span> 
     </span>
    </p>

    <p class='ocr_par' dir='ltr' id='par_1_11' title="bbox 590 4187 1746 4258">
     <span class='ocr_line' id='line_1_35' title="bbox 590 4187 1746 4258; baseline 0 -15"><span class='ocrx_word' id='word_1_272' title='bbox 590 4187 637 4256; x_wconf 79' lang='grc' dir='ltr'>θ)</span> <span class='ocrx_word' id='word_1_273' title='bbox 677 4189 847 4243; x_wconf 88' lang='lat' dir='ltr'>Thuc.</span> <span class='ocrx_word' id='word_1_274' title='bbox 887 4190 934 4242; x_wconf 86' lang='grc'>2.</span> <span class='ocrx_word' id='word_1_275' title='bbox 974 4190 1059 4244; x_wconf 88' lang='grc'>98.</span> <span class='ocrx_word' id='word_1_276' title='bbox 1098 4190 1155 4258; x_wconf 85' lang='grc'>2;</span> <span class='ocrx_word' id='word_1_277' title='bbox 1201 4189 1476 4244; x_wconf 86' lang='lat' dir='ltr'>Demitsas</span> <span class='ocrx_word' id='word_1_278' title='bbox 1516 4190 1585 4243; x_wconf 91' lang='lat'>11.</span> <span class='ocrx_word' id='word_1_279' title='bbox 1626 4189 1746 4244; x_wconf 89' lang='grc'><strong>198.</strong></span> 
     </span>
    </p>

    <p class='ocr_par' dir='ltr' id='par_1_12' title="bbox 537 4275 2879 4429">
     <span class='ocr_line' id='line_1_36' title="bbox 589 4275 2879 4344; baseline -0.003 -12"><span class='ocrx_word' id='word_1_280' title='bbox 589 4277 638 4343; x_wconf 90' lang='lat'>7)</span> <span class='ocrx_word' id='word_1_281' title='bbox 677 4278 877 4332; x_wconf 71' lang='lat' dir='ltr'>Strabo</span> <span class='ocrx_word' id='word_1_282' title='bbox 931 4279 1051 4333; x_wconf 88' lang='grc'><strong>331.</strong></span> <span class='ocrx_word' id='word_1_283' title='bbox 1106 4278 1190 4332; x_wconf 89' lang='grc'>36.</span> <span class='ocrx_word' id='word_1_284' title='bbox 1228 4277 1256 4333; x_wconf 73' lang='grc' dir='ltr'><strong><em>ἦ</em></strong></span> <span class='ocrx_word' id='word_1_285' title='bbox 1313 4278 1622 4341; x_wconf 73' lang='grc' dir='ltr'><strong><em>Παρορβηλία</em></strong></span> <span class='ocrx_word' id='word_1_286' title='bbox 1679 4275 1726 4328; x_wconf 77' lang='grc' dir='ltr'>ἐν</span> <span class='ocrx_word' id='word_1_287' title='bbox 1773 4278 2025 4344; x_wconf 76' lang='grc' dir='ltr'>μεσογαίᾳ</span> <span class='ocrx_word' id='word_1_288' title='bbox 2058 4276 2250 4342; x_wconf 72' lang='grc' dir='ltr'><strong><em>’ἔχουσα</em></strong></span> <span class='ocrx_word' id='word_1_289' title='bbox 2287 4281 2423 4329; x_wconf 71' lang='grc' dir='ltr'>κατὰ</span> <span class='ocrx_word' id='word_1_290' title='bbox 2456 4280 2539 4329; x_wconf 77' lang='grc' dir='ltr'>τὸν</span> <span class='ocrx_word' id='word_1_291' title='bbox 2568 4277 2759 4328; x_wconf 74' lang='grc' dir='ltr'><strong><em>αῧλῶνα</em></strong></span> <span class='ocrx_word' id='word_1_292' title='bbox 2792 4278 2879 4326; x_wconf 79' lang='grc' dir='ltr'>τὸν</span> 
     </span>
     <span class='ocr_line' id='line_1_37' title="bbox 537 4364 2332 4429; baseline 0.002 -14"><span class='ocrx_word' id='word_1_293' title='bbox 537 4366 634 4416; x_wconf 76' lang='grc' dir='ltr'>ἀπὸ</span> <span class='ocrx_word' id='word_1_294' title='bbox 675 4364 934 4429; x_wconf 74' lang='grc' dir='ltr'><strong><em>Εἰδομένης</em></strong></span> <span class='ocrx_word' id='word_1_295' title='bbox 973 4367 1273 4416; x_wconf 75' lang='grc' dir='ltr'><strong><em>Καλλίπολιν</em></strong></span> <span class='ocrx_word' id='word_1_296' title='bbox 1310 4365 1620 4429; x_wconf 75' lang='grc' dir='ltr'><strong><em>Ὀρθόπολιν,</em></strong></span> <span class='ocrx_word' id='word_1_297' title='bbox 1659 4371 2046 4419; x_wconf 66' lang='grc' dir='ltr'><strong><em>Φιλιπποῦπτλιν</em></strong></span> <span class='ocrx_word' id='word_1_298' title='bbox 2083 4371 2332 4429; x_wconf 64' lang='lat' dir='ltr'>rama-xdie.</span> 
     </span>
    </p>
   </div>
   <div class='ocr_carea' id='block_1_6' title="bbox 581 4454 2531 4521">
    <p class='ocr_par' dir='ltr' id='par_1_13' title="bbox 581 4454 2531 4521">
     <span class='ocr_line' id='line_1_38' title="bbox 581 4454 2531 4521; baseline 0.001 -14"><span class='ocrx_word' id='word_1_299' title='bbox 581 4454 630 4520; x_wconf 85' lang='lat'>8)</span> <span class='ocrx_word' id='word_1_300' title='bbox 673 4454 843 4509; x_wconf 86' lang='lat' dir='ltr'>Thuc.</span> <span class='ocrx_word' id='word_1_301' title='bbox 881 4456 929 4507; x_wconf 83' lang='lat'>2.</span> <span class='ocrx_word' id='word_1_302' title='bbox 968 4456 1053 4508; x_wconf 86' lang='lat'>99.</span> <span class='ocrx_word' id='word_1_303' title='bbox 1092 4457 1145 4521; x_wconf 90' lang='lat'>1;</span> <span class='ocrx_word' id='word_1_304' title='bbox 1184 4456 1231 4509; x_wconf 83' lang='lat'>2.</span> <span class='ocrx_word' id='word_1_305' title='bbox 1274 4455 1390 4509; x_wconf 91' lang='grc'><strong>100.</strong></span> <span class='ocrx_word' id='word_1_306' title='bbox 1428 4456 1490 4520; x_wconf 88' lang='grc'>3;</span> <span class='ocrx_word' id='word_1_307' title='bbox 1530 4455 1720 4521; x_wconf 87' lang='lat' dir='ltr'>Polyb.</span> <span class='ocrx_word' id='word_1_308' title='bbox 1760 4455 1842 4509; x_wconf 91' lang='grc'>10.</span> <span class='ocrx_word' id='word_1_309' title='bbox 1879 4454 1963 4508; x_wconf 88' lang='lat'>41.</span> <span class='ocrx_word' id='word_1_310' title='bbox 2001 4457 2049 4509; x_wconf 88' lang='lat'>4.</span> <span class='ocrx_word' id='word_1_311' title='bbox 2086 4457 2200 4510; x_wconf 79' lang='lat' dir='ltr'>Liv.</span> <span class='ocrx_word' id='word_1_312' title='bbox 2238 4456 2321 4510; x_wconf 85' lang='lat'>26.</span> <span class='ocrx_word' id='word_1_313' title='bbox 2360 4456 2445 4511; x_wconf 82' lang='lat'>25.</span> <span class='ocrx_word' id='word_1_314' title='bbox 2483 4457 2531 4510; x_wconf 84' lang='lat'>7.</span> 
     </span>
    </p>
   </div>
  </div>
 </body>
</html>
