3338 5350
1554 529 1679 593 179

453 746 705 810 magna
750 722 902 808 fuit,
962 724 1158 789 initio
1228 724 1500 809 quidem
1567 725 1761 811 regni
1822 723 1984 809 ejus.
2079 725 2423 791 Thessalia
2483 725 2665 790 enim
2719 724 2783 789 ei

453 831 745 897 obnoxia
811 832 1079 915 mansit,
1150 831 1539 919 provinciae
1604 831 2044 897 Macedoniae
2111 832 2326 898 instar
2385 831 2537 915 fuit,
2586 832 2783 896 Anti·

452 959 669 1023 gonus
736 937 1242 1003 Demetriadem
1304 960 1675 1024 numquam
1736 939 1978 1003 amisit.
2072 938 2364 1004 Perinde
2409 939 2521 1003 hic
2565 938 2786 1004 valuit

451 1046 527 1109 in
572 1045 851 1111 Euboea
916 1045 1138 1109 insula
1206 1051 1275 1109 et
1342 1042 1669 1110 Corinthi.
1745 1042 1882 1110 Sed
1953 1046 2025 1109 in
2070 1045 2347 1131 reliquis
2394 1046 2784 1132 regionibus

455 1151 778 1218 Graeciae
826 1151 1295 1217 auctoritatem
1342 1175 1534 1218 suam
1578 1175 1703 1240 per
1745 1160 2071 1239 tyrannos
2120 1153 2458 1218 sustinuit.

544 1259 812 1325 Sedatis
880 1258 1079 1324 rebus
1140 1266 1293 1346 post
1354 1258 1602 1345 Pyrrhi
1647 1260 2068 1325 invasionem
2105 1260 2180 1323 in
2222 1258 2783 1347 Pelopomem,

454 1367 658 1453 Argis
704 1365 1003 1432 fautores
1062 1366 1499 1432 Macedoniae
1568 1363 1690 1431 sub
1745 1372 2041 1451 tyranno
2086 1365 2439 1455 Aristippo
2485 1389 2788 1431 summae

451 1474 552 1538 rei
597 1472 1057 1561 praefuerunt.
1149 1473 1385 1538 Phlius
1433 1495 1700 1559 quoque
1754 1479 2044 1558 tyranno
2090 1474 2345 1539 tradita
2390 1483 2494 1538 est
2514 1474 2588 1558 ¹),
2635 1473 2787 1538 reli-

456 1603 630 1667 quae
667 1603 935 1667 quoque
979 1579 1179 1645 urbes
1224 1580 1429 1645 Actes
1465 1580 1626 1644 inde
1675 1580 1759 1645 ab
1804 1579 1934 1646 hoc
1995 1586 2301 1668 tempore
2366 1603 2518 1645 cum
2565 1581 2787 1645 Mace-

453 1687 660 1770 donia
707 1685 1012 1752 fecerunt
1033 1688 1105 1769 2).
1199 1685 1376 1751 Huic
1435 1707 1716 1751 numero
1786 1685 2223 1772 adjungenda
2294 1694 2396 1751 est
2443 1686 2693 1773 Sicyon
2717 1685 2787 1770 3),

456 1794 766 1859 diversae
810 1794 1011 1859 urbes
1055 1794 1411 1877 Arcadiae,
1473 1793 1651 1859 inter
1695 1815 1864 1879 quas
1910 1794 2130 1881 primo
2177 1794 2323 1859 loco
2371 1795 2790 1860 nominanda

456 1909 557 1967 est
593 1900 1060 1990 Megalopolis,
1136 1901 1253 1966 ubi
1313 1900 1782 1966 Aristodemus
1843 1907 2175 1987 tyrannus
2244 1902 2351 1966 cui
2414 1923 2788 1988 cognomen

457 2007 728 2088 χρηστός
787 2007 939 2092 fuit,
1001 2008 1201 2073 rebus
1276 2014 1589 2095 praeerat
1609 2007 1683 2095 4).
1773 2006 1919 2073 Elis
1968 2030 2144 2074 anno
2192 2010 2318 2073 271
2362 2031 2487 2098 per
2533 2010 2792 2096 aliquot

456 2137 717 2181 menses
786 2114 1145 2181 sceleribus
1211 2111 1592 2180 Aristotimi
1649 2115 1928 2201 tyranni
1997 2120 2247 2181 vexata
2313 2121 2415 2180 est
2437 2116 2509 2199 5),
2569 2138 2790 2201 neque

457 2222 679 2287 minus
746 2222 1136 2288 Acarnania
1179 2222 1510 2307 Antigoni
1558 2221 1943 2286 auctoritati
1990 2220 2295 2306 subjecta
2340 2228 2503 2305 erat,
2548 2223 2792 2288 Boeoti

456 2351 725 2415 quoque
773 2336 840 2395 et
883 2328 1167 2395 fortasse
1206 2351 1364 2416 pars
1410 2327 1863 2394 Phocensium
1910 2349 2053 2393 sese
2097 2328 2538 2394 Macedoniae
2578 2329 2790 2417 appli-

458 2443 805 2502 caverunt.

546 2543 611 2608 A
656 2543 1056 2609 Macedonia
1092 2541 1347 2607 liberae
1392 2547 1786 2607 manserunt
1827 2540 2079 2626 Attica,
2145 2541 2411 2630 Sparta,
2464 2543 2789 2627 Messene,

456 2648 740 2735 Achaja,
809 2672 966 2739 pars
1035 2648 1370 2715 Arcadiae
1416 2656 1483 2714 et
1528 2648 1819 2715 Aetolia.
1912 2648 2273 2716 Praesidiis
2320 2657 2548 2715 autem
2593 2650 2790 2715 Anti-

455 2777 672 2842 gonus
719 2762 1047 2844 occupata
1090 2756 1330 2821 habuit
1372 2756 1955 2840 Acrocorinthum,
2004 2756 2394 2822 Chalcidem
2438 2764 2508 2822 et
2551 2757 2794 2821 Deme-

456 2863 766 2928 triadem.

545 2967 995 3057 Praecipuum
1062 2970 1305 3035 vitium
1373 2970 1458 3035 ab
1531 2969 1880 3057 Antigono
1941 2972 2370 3036 commissum
2429 2972 2502 3036 in
2548 2971 2786 3036 confir-

457 3077 710 3141 manda
757 3077 1215 3142 dominatione
1260 3100 1382 3143 sua
1426 3079 1498 3142 in
1542 3076 1848 3162 Graecia,
1896 3077 2031 3143 fuit
2074 3078 2257 3164 quod
2301 3099 2425 3166 per
2468 3084 2793 3164 tyrannos

461 3182 933 3249 auctoritatem
1001 3206 1193 3248 suam
1260 3189 1636 3250 sustentare
1704 3191 1984 3250 conatus
2076 3191 2197 3268 est,
2266 3186 2571 3270 regimen
2640 3207 2793 3249 cum

458 3292 695 3356 ceteris
740 3290 1075 3375 gentibus,
1123 3296 1271 3354 tum
1315 3290 1645 3377 imprimis
1693 3291 1966 3357 Graecis
2013 3293 2334 3357 odiosum.
2383 3292 2796 3379 Praecipuus

459 3397 667 3462 hostis
715 3402 944 3462 autem
986 3395 1319 3482 Antigoni
1365 3396 1501 3462 fuit
1545 3400 1826 3463 societas
1871 3398 2191 3482 Achaica,
2242 3420 2414 3484 quae
2462 3420 2639 3464 anno
2662 3400 2790 3463 281

457 3503 928 3590 conjunctione
974 3511 1266 3590 quatuor
1311 3504 1581 3570 urbium
1641 3506 1971 3590 instituta,
2038 3507 2283 3571 sensim
2326 3506 2795 3592 paulatimque

457 3611 757 3699 perrexit
824 3633 1071 3698 augere
1137 3611 1317 3677 vires
1391 3634 1564 3677 suas.
1660 3610 1857 3677 Bello
1930 3612 2420 3679 Chremonideo
2465 3613 2793 3698 Antigoni

466 3718 829 3783 auctoritas
896 3720 1112 3784 crevit
1182 3719 1475 3805 quidem,
1545 3740 1671 3784 nec
1739 3724 1972 3784 tamen
2038 3720 2218 3784 vires
2287 3718 2431 3803 ejus
2493 3718 2800 3784 societati

462 3822 802 3889 Achaicae
867 3847 1063 3913 pares
1139 3833 1350 3891 erant.
1442 3826 1644 3891 Anno
1714 3826 1842 3890 251
1936 3832 2265 3912 tyrannus
2333 3825 2639 3892 Nicocles
2711 3827 2797 3891 ab

460 3931 675 3996 Arato
744 3930 1032 4017 Sicyone
1098 3931 1331 4018 pulsus
1421 3940 1543 4016 est,
1614 3933 1763 4019 ipsa
1853 3933 2011 3997 urbs
2087 3933 2388 3998 societati
2458 3932 2797 3998 Achaicae

518 4144 566 4206 1)
604 4144 794 4215 Polyb.
835 4146 883 4198 2.
922 4145 1007 4198 44.
1045 4147 1094 4198 6.

517 4232 565 4288 2)
604 4233 794 4303 Polyb.
832 4233 905 4287 1.1.
943 4234 1105 4288 Niese
1143 4236 1191 4287 2.
1230 4236 1349 4288 226.
1393 4235 1558 4289 Holm
1594 4236 1643 4289 4.
1687 4237 1803 4291 139.

516 4320 564 4385 3)
602 4322 747 4376 Plut.
787 4324 934 4377 Arat.
972 4324 1022 4376 6.
1523 4336 1532 4345 ·

517 4408 564 4477 4)
600 4411 763 4465 Paus.
801 4411 851 4465 8.
891 4412 974 4464 27.
1018 4413 1082 4465 11
1122 4415 1178 4466 et
1221 4412 1271 4465 8.
1311 4413 1393 4465 36.
1434 4412 1484 4466 5.

517 4497 566 4567 5)
609 4500 808 4554 Justin.
846 4501 930 4553 26.
971 4501 1019 4553 1.
1059 4501 1108 4554 4.
1147 4501 1310 4555 Paus.
1347 4501 1398 4554 ὃ.
1434 4502 1483 4555 5.
1527 4505 1584 4572 13
1622 4504 1675 4558 6.
1716 4503 1798 4557 14.
1839 4504 1922 4559 11.
