3338 5350
1555 473 1643 540 95

422 671 717 759 posthac
803 671 1228 759 Atropatene
1317 676 1619 753 vocatur,
1702 669 2177 735 verosimiliter
2258 671 2614 757 provincia
2703 670 2765 737 ei

428 779 749 865 abrogari
816 801 954 844 non
1022 778 1266 866 potuit,
1335 778 1466 843 hoc
1528 783 1757 843 autem
1820 777 2091 842 decreto
2135 799 2294 865 pars
2339 778 2462 844 illa
2504 779 2772 843 Mediae

427 886 522 951 ab
566 886 850 974 imperio
899 891 1255 971 segregata
1299 891 1418 950 est.

523 994 754 1061 Etiam
820 1015 925 1058 res
995 1015 1036 1058 a
1095 993 1484 1058 Ptolemaeo
1547 997 1780 1077 gestae
1824 1013 1948 1057 nos
1994 991 2309 1058 dubitare
2353 992 2635 1076 faciunt,
2685 1014 2773 1057 an

425 1099 794 1187 Aegyptus
833 1098 980 1185 jam
1025 1097 1257 1164 statim
1301 1108 1457 1186 post
1503 1120 1758 1163 annum
1804 1099 1935 1163 323
1982 1098 2069 1165 ab
2113 1099 2400 1188 imperio
2446 1100 2773 1165 dissoluta

426 1209 544 1291 sit,
612 1229 779 1272 num
846 1207 1199 1294 provincia
1265 1205 1639 1271 Ptolemaei
1710 1227 2036 1292 umquam
2094 1205 2281 1292 justo
2349 1208 2552 1272 modo
2619 1228 2774 1271 cum

426 1315 719 1403 imperio
766 1313 1127 1400 conjuncta
1171 1312 1398 1403 fuerit.
1445 1313 1492 1379 J
1496 1335 1608 1378 am
1652 1335 1858 1400 supra
1903 1313 2088 1401 (pag.
2137 1313 2251 1400 93)
2311 1314 2774 1379 demonstrare

428 1423 664 1489 conati
709 1443 938 1486 sumus
984 1419 1412 1507 provinciam
1472 1419 1772 1506 aliquam
1840 1427 1988 1486 tum
2033 1422 2307 1486 demum
2355 1420 2442 1487 ab
2485 1421 2771 1508 imperio

429 1536 820 1617 separatam
864 1527 1253 1593 habendam
1300 1549 1461 1610 esse,
1511 1527 1567 1591 si
1615 1527 2113 1593 administratio
2158 1527 2458 1593 thesauri
2501 1549 2772 1615 prorsus

430 1660 477 1702 a
524 1642 753 1701 centro
797 1635 1068 1723 imperii
1114 1641 1470 1721 segregata
1516 1640 1709 1699 esset.

525 1742 840 1809 Profecto
908 1749 1135 1808 autem
1198 1742 1345 1828 jam
1426 1763 1605 1806 anno
1674 1742 1806 1807 323
1873 1742 2302 1808 Ptolemaeus
2382 1741 2775 1807 thesaurum

428 1850 634 1916 illum
703 1849 787 1915 ad
836 1873 907 1915 se
953 1851 1184 1915 traxit.
1258 1849 1689 1915 Cleomenem
1758 1850 1939 1914 enim
1984 1854 2075 1937 (p.
2123 1848 2212 1913 68
2258 1855 2327 1913 et
2372 1848 2484 1935 69)
2553 1848 2775 1936 specie

428 1958 969 2045 repetundarum
1036 1957 1111 2021 in
1171 1956 1285 2042 jus
1357 1957 1642 2041 vocavit,
1706 1978 1926 2044 neque
1973 1958 2338 2043 quicquam
2383 1955 2775 2021 Perdiccam

431 2073 752 2149 moratus,
841 2065 903 2129 ei
971 2065 1216 2129 munus
1286 2064 1674 2150 abrogavit3
1757 2069 1907 2128 tum
1975 2063 2368 2128 thesaurum
2449 2062 2772 2151 Aegypti,

430 2178 602 2237 tunc
652 2172 975 2259 temporis
1036 2178 1186 2237 octo
1246 2170 1437 2237 milia
1479 2170 1815 2236 talentum
1860 2171 2340 2253 continentem,
2410 2170 2538 2234 sibi
2582 2190 2774 2235 occu-

431 2279 667 2367 pavit,
758 2286 1023 2367 partem
1090 2278 1294 2363 hujus
1363 2278 1692 2366 pecuniae
1763 2278 2094 2361 adhibuit,
2187 2284 2266 2343 ut
2332 2277 2461 2343 sibi
2529 2277 2777 2342 amicos

432 2392 713 2474 pararet
754 2386 935 2450 inter
977 2406 1287 2473 proceres
1333 2386 1771 2471 magistratus
1818 2386 2210 2473 provinciae
2256 2406 2438 2470 suae,
2497 2391 2577 2450 ut
2621 2406 2776 2449 con-

437 2493 717 2558 duceret
782 2514 1104 2578 magnam
1181 2494 1326 2558 vim
1416 2493 2031 2559 mercennariorum
2099 2493 2387 2557 militum
2432 2492 2503 2574 1).
2617 2491 2779 2556 Mox

436 2600 738 2667 exercitu
805 2599 1234 2688 Aegyptiaco
1321 2623 1483 2665 usus
1556 2607 1658 2665 est
1748 2606 1825 2664 ut
1906 2597 2351 2687 Cyrenaicam
2419 2604 2781 2687 occuparet

436 2729 785 2795 regnoque
851 2730 970 2773 suo
1034 2708 1473 2795 adjungeret3
1544 2707 1680 2773 huc
1741 2708 1917 2773 adde
1964 2708 2147 2793 quod
2191 2707 2410 2773 invito
2455 2707 2780 2772 Perdicca

438 2835 683 2901 corpus
748 2813 1125 2879 Alexandri
1191 2815 1266 2879 in
1332 2815 1731 2902 Aegyptum
1822 2815 2426 2902 transportandum
2494 2813 2776 2898 curavit,

435 2943 661 3008 neque
708 2944 875 3010 opus
923 2929 1024 2987 est
1070 2922 1294 2987 dicere
1337 2922 1503 2987 haec
1551 2922 1780 2987 omnia
1823 2943 2206 3009 repugnare
2250 2921 2334 2986 iis
2379 2920 2780 2986 conditioni-

435 3028 589 3112 buS,
652 3050 828 3116 quae
895 3028 1105 3115 vulgo
1174 3029 1720 3117 comprobandae
1790 3035 1982 3095 erant
2052 3050 2093 3093 a
2162 3029 2450 3116 satrapis
2518 3048 2778 3093 summo

437 3135 727 3223 imperio
774 3134 1117 3201 obnoxiis:

538 3307 619 3370 1⁰.
663 3303 758 3371 Ut
805 3327 947 3370 sese
994 3304 1404 3391 subjicerent
1442 3306 1647 3391 jussis
1695 3327 1998 3371 summae
2045 3305 2674 3371 administrationis.

531 3413 620 3476 2⁰.
661 3414 770 3478 Ne
826 3413 980 3500 plus
1048 3412 1343 3478 militum
1390 3412 1667 3497 alerent,
1736 3435 1913 3479 neve
1956 3412 2111 3501 plus
2138 3411 2482 3500 ‘stipendii
2525 3411 2776 3500 persol-

665 3524 923 3603 verent,
972 3541 1179 3606 quam
1225 3520 1307 3585 iis
1353 3519 1503 3606 lege
1549 3542 1939 3586 concessum
1986 3526 2174 3586 esset.

532 3626 622 3690 3⁰.
664 3626 769 3691 Ne
817 3648 936 3691 suo
983 3632 1205 3691 marte
1250 3625 1506 3691 bellum
1562 3633 1894 3713 gererent.

530 3732 620 3795 40.
661 3731 758 3798 Ut
804 3733 1038 3821 copiae
1086 3754 1316 3798 corum
1364 3734 1448 3798 ad
1498 3735 1727 3799 omnia
1771 3733 1954 3800 bella
1999 3757 2039 3798 a
2063 3755 2327 3799 summa
2352 3734 2777 3799 administra-

662 3840 848 3904 tione
895 3840 1122 3905 edicta
1166 3846 1434 3927 praesto
1481 3847 1724 3924 essent,
1773 3840 2095 3906 nimirum
2141 3846 2415 3928 sumptu
2460 3841 2777 3928 pecunia·
2854 3891 2861 3900 .

665 3968 819 4011 111111
865 3968 1039 4032 quae
1087 3970 1123 4011 e
1166 3947 1439 4012 tributis
1486 3954 1915 4036 superessent
1942 3948 2011 4031 2).

494 4162 548 4231 1)
587 4162 750 4217 Paus.
794 4164 838 4217 1.
877 4163 926 4215 6.
971 4162 1139 4230 1-33
1180 4163 1338 4218 Diod.
1381 4164 1464 4218 18.
1505 4165 1587 4217 14.
1630 4165 1678 4217 1.

492 4252 546 4319 2)
582 4252 980 4321 Excipiendum
1020 4256 1104 4308 est
1137 4270 1188 4307 v.
1219 4270 1265 4307 c.
1305 4253 1455 4320 quod
1509 4253 1784 4308 Eumenes
1824 4270 1854 4307 8
1889 4253 2136 4323 pecuniis
2174 4269 2313 4320 quas
2351 4253 2401 4308 ei
2441 4271 2470 4307 8
2505 4253 2780 4308 thesauris

438 4342 640 4398 tollere
694 4342 852 4396 licuit
903 4342 1151 4412 praetori
1198 4341 1387 4396 Indico
1425 4342 1677 4397 Eudemo
1714 4359 1993 4397 summam
2031 4342 2401 4397 ducentorum
2439 4343 2779 4397 talentorum

442 4433 591 4489 dono
613 4432 800 4501 dedit,
836 4432 1009 4501 ipsius
1046 4436 1274 4501 sumptu
1311 4431 1491 4501 (Diod.
1532 4432 1614 4486 19.
1645 4432 1728 4486 15.
1768 4431 1842 4500 5.)
