3338 5350
1463 555 1589 619 117

449 749 654 814 Initio
701 750 907 814 etiam
954 750 1396 815 constitutum
1444 756 1608 832 erat,
1656 755 1737 813 ut
1794 748 2182 834 Antigonus
2239 771 2432 835 reges
2480 771 2705 814 secum

360 856 432 921 in
480 857 713 921 castris
759 856 1060 940 haberet,
1131 856 1415 944 perinde
1462 878 1541 921 ac
1586 863 1790 921 antea
1837 878 1990 921 cum
2034 857 2359 921 Perdicca
2405 855 2702 921 fuerunt.

362 960 548 1039 Quae
614 985 720 1028 res
789 971 1017 1028 autem
1077 964 1223 1048 jam
1270 963 1462 1029 brevi
1506 970 1660 1050 post
1732 963 1819 1028 ab
1866 964 2233 1051 Antipatro
2278 969 2544 1028 mutata
2582 969 2704 1045 est,

362 1090 516 1132 cum
559 1069 633 1133 in
679 1069 918 1134 itinere
965 1070 1147 1156 quod
1193 1069 1358 1135 fecit
1405 1092 1529 1157 per
1567 1069 1806 1136 Asiam
1850 1070 2186 1136 Minorem
2231 1070 2319 1134 ad
2367 1091 2511 1135 8686
2549 1091 2706 1134 con-

361 1173 719 1240 ferendum
785 1177 859 1240 in
927 1175 1417 1260 Macedoniam,
1490 1178 1564 1241 in
1631 1176 2008 1263 Phrygiam
2074 1178 2406 1264 pervenit,
2476 1177 2708 1263 ibique

365 1305 517 1348 cum
563 1283 910 1368 Antigono
960 1284 1045 1348 de
1092 1305 1172 1348 ea
1215 1305 1288 1348 re
1311 1289 1604 1349 tractare
1627 1284 1886 1371 coepit,
1915 1285 2245 1350 concessit
2267 1285 2328 1348 ei
2354 1284 2710 1350 dimidiam

362 1395 626 1477 partem
695 1391 1043 1472 exercitae,
1119 1412 1322 1476 quem
1367 1391 1438 1454 in
1488 1411 1566 1455 eo
1637 1398 1787 1456 erat
1853 1397 1932 1455 ut
1969 1391 2042 1455 in
2095 1391 2565 1456 Macedoniam
2609 1413 2708 1456 re-

364 1497 654 1579 duceret,
698 1504 765 1562 et
802 1497 1004 1582 hujus
1049 1497 1197 1563 loco
1222 1504 1580 1564 veteranos
1626 1497 1876 1563 milites
1919 1499 2036 1585 qui
2081 1521 2327 1585 parum
2369 1498 2571 1563 utiles
2619 1499 2707 1563 ad

365 1604 702 1691 stipendia
746 1603 1064 1670 facienda
1102 1611 1314 1689 erant,
1359 1605 1445 1670 ab
1468 1607 1819 1691 Antigono
1845 1606 2125 1693 accepit,
2170 1627 2277 1670 res
2302 1604 2404 1670 illi
2430 1606 2708 1691 quidem

363 1711 637 1775 maximi
705 1711 1060 1795 commodi,
1133 1713 1253 1776 sed
1321 1712 1406 1777 ab
1480 1712 1695 1777 altera
1762 1720 1958 1800 parte
2023 1734 2216 1798 reges
2295 1713 2356 1776 ei
2403 1712 2707 1799 adempti

362 1824 536 1900 sunt,
586 1839 751 1903 quos
797 1816 1164 1905 Antipater
1206 1819 1280 1882 in
1320 1818 1792 1884 Macedoniam
1813 1819 2201 1884 transduxit
2222 1819 2293 1905 1).
2342 1818 2710 1905 Antipater

362 1925 429 1989 id
476 1933 813 2012 spectasse
852 1925 1126 1991 videtur
1169 1931 1245 1991 ut
1292 1947 1431 1990 una
1476 1948 1632 1991 cum
1679 1926 1952 2012 regibus
1978 1926 2387 2012 dignitatem
2434 1946 2706 2011 quoque

364 2036 462 2095 τοῦ
527 2034 894 2108 {musam-02⁰2
958 2040 1066 2106 τῆς
1124 2031 1455 2109 βασιλείας
1518 2032 1870 2119 Antigono
1934 2034 2298 2115 adimeret3
2373 2033 2430 2097 is
2480 2038 2707 2098 autem

366 2139 446 2203 ad
495 2149 762 2226 tempus
810 2139 1168 2205 dumtaxat
1214 2161 1284 2204 86
1326 2139 1631 2225 quietum
1678 2140 1919 2221 tenuit,
2015 2161 2102 2205 uo
2151 2138 2419 2204 facilius
2444 2144 2711 2204 curaret

366 2253 438 2309 ut
480 2252 716 2333 postea
764 2246 1062 2332 dignitas
1134 2268 1256 2310 sua
1297 2268 1336 2309 a
1381 2245 1659 2331 reliquis
1727 2245 2148 2333 principibus
2212 2250 2707 2331 agnosceretur.

447 2353 814 2439 Antipater
883 2373 1145 2417 summo
1216 2352 1502 2440 imperio
1571 2353 1997 2440 praepositus
2046 2374 2319 2440 prorsus
2367 2353 2710 2417 diversam

364 2461 695 2524 rationem
766 2459 1014 2542 agendi
1063 2466 1332 2524 secutus
1402 2466 1503 2523 est
1572 2481 1650 2524 ac
1694 2459 2072 2542 PerdiccaS,
2123 2481 2299 2545 quae
2342 2459 2519 2524 ratio
2565 2459 2709 2523 sine

365 2566 568 2632 dubio
638 2565 974 2631 elementa
1045 2567 1456 2650 continebat,
1547 2588 1722 2652 quae
1789 2567 2149 2654 imperium
2216 2567 2290 2630 in
2358 2565 2711 2630 interitum

367 2673 739 2739 deductura
785 2681 1027 2739 essent.
1923 2734 1927 2740 .

450 2781 767 2847 Omnium
813 2782 1110 2867 primum
1156 2783 1445 2869 pristino
1490 2803 1771 2847 munere
1819 2788 1887 2847 et
1928 2779 2154 2846 officio
2203 2781 2275 2845 in
2309 2778 2711 2845 Macedonia

366 2910 503 2953 8686
573 2895 922 2975 tamquam
968 2895 1366 2975 procurator
1409 2889 1683 2976 imperii
1730 2889 2048 2954 abdicare
2089 2888 2455 2970 debuerat3
2528 2887 2710 2973 quod

364 3003 590 3060 tamen
634 2996 708 3059 in
755 2995 981 3060 animo
1028 3016 1165 3060 non
1214 2996 1486 3077 habuit;
1536 3002 1792 3079 contra,
1836 3002 2117 3061 conatus
2161 3001 2260 3059 est
2299 2994 2711 3080 conjungere

366 3102 1020 3167 administrationem
1065 3102 1365 3168 universi
1413 3104 1684 3192 imperii
1730 3091 1884 3168 clim
1932 3103 2288 3189 dignitate,
2335 3124 2512 3188 quae
2557 3123 2712 3167 eum

365 3209 646 3295 exiguae
692 3209 892 3295 parti,
939 3230 1185 3296 nempe
1234 3209 1695 3293 Macedoniae,
1747 3210 2162 3291 devinciret3
2204 3208 2323 3273 ubi
2346 3230 2499 3273 cum
2525 3218 2710 3274 ante-

360 3317 486 3382 hac
576 3316 963 3381 dominatus
1032 3322 1227 3398 esset,
1301 3315 1488 3381 brevi
1549 3321 1913 3403 postquam
1981 3321 2376 3404 procurator
2444 3316 2717 3403 imperii

362 3429 622 3487 creatus
690 3428 810 3505 est,
881 3422 1103 3488 denuo
1173 3444 1251 3488 eo
1318 3445 1389 3487 se
1455 3422 1761 3488 contulit.
1857 3420 2044 3500 Quae
2091 3428 2320 3487 autem
2390 3422 2565 3487 duae
2607 3443 2714 3487 res

363 3528 684 3615 conjungi
752 3551 890 3595 non
948 3535 1266 3616 poterant
1331 3530 1475 3595 sine
1539 3552 1792 3616 magno
1860 3530 2130 3617 imperii
2178 3530 2448 3594 damno·
2541 3529 2714 3594 Cum

363 3637 834 3703 Macedoniam
902 3637 1334 3722 gubernaret,
1405 3636 1643 3723 ibique
1715 3638 1906 3702 sedes
1974 3636 2277 3720 haberet,
2348 3636 2716 3724 Antipater

363 3745 506 3831 ipso
554 3742 738 3809 facto
786 3750 1098 3830 satrapae
1143 3744 1362 3808 instar
1407 3742 1560 3826 fuit,
1609 3744 1739 3808 hac
1786 3744 1859 3807 in
1909 3766 1985 3808 re
2036 3744 2218 3808 enim
2264 3743 2603 3829 dignitate
2649 3749 2719 3808 et

365 3851 765 3915 auctoritate
809 3850 1084 3935 reliquis
1132 3851 1422 3938 satrapis
1484 3872 1762 3938 compar
1812 3850 1963 3915 fuit.
2059 3849 2312 3928 Quodsi
2365 3850 2450 3915 ab
2502 3851 2716 3916 altera

362 3964 554 4045 parte
624 3958 1036 4045 superiorem
1080 3959 1391 4043 gradum,
1465 3957 1862 4022 universum
1907 3958 2268 4046 imperium
2314 3957 2443 4022 sibi
2488 3958 2713 4024 vindi-

364 4066 564 4148 cavit,
614 4066 743 4130 hoc
786 4065 1013 4153 ipsum
1052 4066 1341 4152 satrapis
1389 4086 1614 4129 merae
1659 4065 2088 4150 arrogantiae
2134 4087 2279 4130 6886
2323 4066 2546 4132 visum
2593 4073 2712 4131 est.

413 4344 461 4409 1)
500 4346 618 4399 Arr.
676 4346 701 4410 ἓ
756 4344 825 4397 42
881 4347 937 4398 et
991 4344 1075 4397 43.
1133 4343 1190 4397 C.
1251 4344 1447 4398 Muller
1501 4345 1557 4398 in
1611 4344 1826 4413 scriptt.
1885 4360 1991 4398 rer.
2029 4344 2112 4397 Al.
2150 4342 2317 4398 Didot
2355 4361 2405 4413 p.
2447 4344 2552 4397 247
2582 4343 2717 4415 legit

368 4432 555 4493 ἱππέας
591 4438 688 4482 τῶν
725 4430 896 4495 ἑτέρων
930 4431 1082 4492 Υσους,
1119 4433 1270 4501 quod
1309 4433 1472 4487 vertit
1509 4449 1607 4501 per
1652 4433 1937 4502 „equitum
1974 4450 2105 4487 vero
2145 4436 2502 4487 externorum
2523 4449 2715 4507 parem

379 4522 721 4586 numerum.'’
758 4522 1079 4600 Legendum
1120 4526 1204 4578 est
1240 4521 1454 4578 scilicet
1491 4518 1673 4582 ἱππέας
1709 4526 1805 4570 τῶν
1842 4518 2055 4586 frustm.
