3338 5350
1685 535 1813 601 144

567 733 787 822 pylaS,
834 732 1039 799 Holm
1086 738 1315 799 autem
1360 734 1421 798 4.
1451 733 1536 798 '73
1583 740 1653 798 et
1673 733 1878 799 Niese
1904 736 1962 798 1.
1989 733 2119 798 277
2143 733 2531 799 universam
2555 731 2911 799 Graeciam

568 842 885 906 libertate
954 841 1277 906 donatam
1346 861 1491 905 esse
1533 839 1912 928 perhibent.
2006 841 2319 927 Droysen
2367 846 2438 905 et
2498 840 2791 906 Gaebler
2834 862 2912 905 eo

572 953 975 1032 argumento
1020 949 1351 1030 nituntur,
1402 947 1584 1033 quod
1630 948 1978 1012 decretum
2023 947 2193 1012 illud
2240 948 2498 1012 editum
2543 949 2630 1012 sit
2677 953 2914 1013 contra

572 1053 1044 1120 Cassandrum.
1136 1054 1286 1120 Hoc
1357 1054 1629 1139 quidem
1691 1075 1930 1119 verum
1998 1060 2118 1137 est,
2174 1061 2309 1119 nec'
2345 1061 2577 1119 tamen
2622 1061 2724 1119 est
2768 1060 2915 1119 tota

572 1164 843 1228 veritas.
890 1163 1163 1227 Etenim
1209 1161 1391 1226 haud
1443 1181 1633 1226 secus
1682 1182 1762 1225 ac
1809 1158 2204 1244 Cassander,
2231 1161 2439 1226 etiam
2461 1160 2910 1242 PtolemaeuS,

570 1269 1016 1355 Lysimachus
1083 1275 1156 1333 et
1223 1268 1542 1334 Seleucus
1591 1268 1819 1333 hostes
1865 1268 2166 1332 habendi
2212 1274 2426 1351 erant,
2475 1274 2546 1332 et
2587 1268 2749 1334 licet
2790 1269 2913 1332 im-

570 1376 806 1463 primis
873 1372 1332 1441 Oassandrum
1399 1375 1901 1461 aggrederetur,
1998 1381 2228 1440 tamen
2310 1374 2582 1463 reliqui.
2633 1375 2915 1439 minime

570 1482 966 1568 negligendi
1014 1488 1225 1548 erant.
2479 1561 2483 1567 Δ

656 1588 903 1674 Itaque
966 1610 1073 1655 res
1142 1589 1275 1655 alio
1343 1589 1546 1654 modo
1617 1588 2036 1677 exploranda
2103 1594 2222 1654 est.
2341 1588 2574 1655 Status
2643 1589 2916 1654 urbium

569 1696 778 1761 Asiae
837 1695 985 1781 jam
1055 1718 1260 1784 supra
1324 1718 1483 1784 pag.
1531 1696 1617 1761 69
1671 1717 1840 1782 sqq.,
1890 1696 2261 1784 descriptus
2332 1702 2436 1762 est
2498 1702 2577 1761 ut
2643 1717 2915 1784 prorsus

572 1802 961 1889 discrepans
1030 1824 1070 1867 a
1139 1802 1412 1867 Graecis
1502 1802 1575 1866 in
1643 1802 1937 1890 Europa,
2040 1800 2382 1867 Asiaticae
2450 1803 2629 1868 enim
2699 1801 2916 1867 multo

572 1908 829 1994 majore
896 1908 1211 1975 libertate
1281 1908 1685 1975 fruebantur
1756 1910 1882 1975 sub
1947 1909 2360 1976 Alexandro.
2451 1911 2537 1975 In
2602 1911 2917 1976 universo

573 2022 788 2081 status
876 2015 1082 2081 Asiae
1147 2017 1564 2104 temporibus
1624 2016 1998 2082 Alexandri
2065 2024 2350 2083 mortem
2412 2017 2919 2104 insequentibus

571 2144 711 2189 non
777 2129 1081 2189 mutatus
1128 2130 1230 2189 est
1252 2125 1326 2211 1).
1397 2123 1534 2189 Sed
1602 2123 1806 2211 culpa
1870 2129 2262 2212 praetorum
2329 2124 2589 2190 factum
2651 2131 2770 2208 est,
2840 2131 2919 2188 ut

573 2230 781 2294 etiam
827 2230 940 2294 hic
987 2231 1213 2296 omnia
1257 2230 1658 2318 perturbata
1697 2231 1851 2295 sint.
1914 2230 2151 2296 Plures
2200 2232 2378 2296 enim
2425 2236 2705 2296 conatus
2750 2229 2920 2296 facti

574 2343 732 2402 sunt
802 2359 843 2401 a
887 2338 1314 2424 praetoribus
1382 2338 1909 2425 provinciarum,
1980 2337 2067 2402 ad
2115 2337 2568 2424 subjiciendas
2614 2337 2917 2404 diversas

573 2444 774 2508 urbes
818 2443 1044 2529 Asiae,
1093 2444 1512 2510 Arrhidaeus
1549 2444 1745 2510 verbi
1782 2466 2006 2528 causa,
2049 2450 2322 2532 praetor
2346 2443 2711 2530 Phrygiae,
2740 2465 2919 2509 anno

576 2552 707 2615 319
775 2551 1126 2617 constituit
1190 2552 1591 2640 praecipuas
1681 2551 1884 2617 urbes
1965 2552 2358 2639 provinciae
2425 2573 2587 2615 suae
2653 2552 2920 2616 munire

574 2658 929 2746 praesidiis
957 2658 1032 2746 2),
1101 2658 1214 2725 vel
1262 2659 1554 2748 suscepit
1621 2658 1948 2745 Cyzicum
1992 2657 2319 2726 obsidere.
2410 2659 2673 2726 Eodem
2716 2659 2920 2725 modo

575 2763 792 2832 Clitus
858 2765 1123 2852 Lydiae
1187 2778 1462 2854 praetor
1506 2769 1866 2855 occupavit
1932 2767 2133 2832 urbes
2176 2767 2570 2854 provinciae
2615 2788 2794 2851 suae,
2840 2772 2921 2831 ut

575 2895 720 2938 sese
763 2879 1001 2938 contra
1044 2874 1469 2960 Antigonum
1515 2873 1930 2939 defenderet.
2022 2875 2351 2940 Attamen
2397 2874 2751 2961 provincia
2797 2896 2921 2938 sua

574 2979 811 3067 pulsus
882 2986 1003 3063 est,
1067 2980 1213 3068 ipse
1280 2979 1668 3066 Antigonus
1742 2980 1942 3045 urbes
2005 2981 2268 3066 Lydiae
2314 2981 2400 3046 ad
2450 3003 2519 3047 se
2565 2982 2793 3066 traxit,
2842 2986 2921 3044 ut

579 3109 812 3152 earum
857 3085 1243 3152 libertatem
1290 3085 1691 3152 defenderet
1717 3086 1787 3171 3).
1836 3087 1930 3152 Et
1972 3088 2156 3153 idem
2201 3087 2367 3153 fecit
2388 3087 2627 3154 Cariae
2648 3095 2924 3177 praetor

578 3194 907 3277 Asander,
981 3193 1181 3258 urbes
1250 3196 1321 3258 in
1389 3194 1519 3259 hac
1581 3216 1851 3280 quoque
1908 3195 2257 3282 provincia
2319 3196 2404 3260 ab
2449 3195 2800 3281 Antigono
2844 3195 2921 3259 in

576 3300 960 3366 libertatem
1001 3301 1354 3366 restitutae
1401 3307 1562 3366 sunt
1583 3300 1653 3384 4).

670 3407 842 3472 Cum
881 3431 963 3473 ex
1006 3408 1566 3496 praecedentibus
1610 3415 1848 3496 pateat
1906 3415 2250 3496 praetores
2298 3356 2720 3475 diversarum
2762 3430 2919 3497 pro-

579 3516 956 3580 vinciarum
1005 3517 1076 3580 in
1119 3516 1305 3599 Asia,
1349 3515 1432 3580 iis
1479 3515 1896 3602 temporibus
1945 3516 2214 3581 decreto
2274 3515 2607 3601 Antigoni
2651 3536 2920 3603 praece·-

581 3622 898 3687 dentibus
962 3622 1295 3710 imprimis
1355 3622 1427 3687 id
1498 3624 1834 3687 studuisse
1899 3629 1979 3687 ut
2043 3622 2242 3688 urbes
2309 3622 2558 3688 liberas
2602 3624 2677 3687 in
2727 3645 2921 3689 suam

580 3734 987 3817 potestatem
1029 3730 1438 3815 redigerent,
1480 3751 1770 3816 cumque
1817 3729 1901 3795 ab
1945 3730 2160 3795 altera
2202 3737 2398 3817 parte
2442 3737 2678 3817 pateat
2720 3729 2920 3795 Anti-

579 3857 835 3922 gonum
881 3858 1151 3902 omnem
1219 3859 1496 3925 operam
1541 3837 1826 3919 dedisse,
1888 3843 1967 3901 ut
2013 3858 2124 3902 eas
2185 3837 2257 3901 in
2300 3835 2686 3910 libertatem
2731 3839 2925 3901 resti-

582 3949 823 4029 tueret,
868 3951 948 4009 ut
989 3945 1182 4010 verbi
1228 3967 1431 4010 causa
1474 3944 1675 4010 urbes
1721 3941 1962 4009 Cariae
1987 3950 2143 4031 post
2163 3965 2406 4031 pacem
2427 3965 2583 4008 cum
2604 3943 2923 4009 Asandro

632 4219 681 4290 1)
717 4221 917 4292 Droys.
966 4221 1016 4276 2.
1054 4221 1103 4274 2.
1141 4219 1262 4274 380.
1303 4219 1538 4275 Gaebler
1573 4236 1627 4289 p.
1668 4219 1753 4272 17.
1792 4218 1958 4273 Holm
1998 4218 2048 4272 4.
2091 4219 2174 4273 74.

635 4310 684 4375 2)
720 4311 881 4365 Diod.
921 4310 1003 4366 18.
1041 4309 1127 4364 51.

632 4398 682 4457 3)
720 4400 957 4455 Gaebler
992 4415 1044 4470 p.
1086 4398 1168 4452 18.
1207 4398 1364 4452 Diod.
1406 4398 1490 4453 18.
1532 4398 1619 4452 52.
1657 4397 1707 4452 6.

635 4489 685 4560 4)
723 4490 883 4545 Diod.
922 4489 1008 4543 19.
1046 4488 1129 4542 75.
1172 4488 1220 4540 1.
