<?xml version="1.0" encoding="UTF-8"?>
<!DOCTYPE html PUBLIC "-//W3C//DTD XHTML 1.0 Transitional//EN"
    "http://www.w3.org/TR/xhtml1/DTD/xhtml1-transitional.dtd">
<html xmlns="http://www.w3.org/1999/xhtml" xml:lang="en" lang="en">
 <head>
  <title>
</title>
<meta http-equiv="Content-Type" content="text/html;charset=utf-8" />
  <meta name='ocr-system' content='tesseract 3.04.00' />
  <meta name='ocr-capabilities' content='ocr_page ocr_carea ocr_par ocr_line ocrx_word'/>
</head>
<body>
  <div class='ocr_page' id='page_1' title='image "./definibusregnim01breegoog_0208.png"; bbox 0 0 3338 5350; ppageno 0'>
   <div class='ocr_carea' id='block_1_1' title="bbox 1754 510 1878 576">
    <p class='ocr_par' dir='ltr' id='par_1_1' title="bbox 1754 510 1878 576">
     <span class='ocr_line' id='line_1_1' title="bbox 1754 510 1878 576; baseline 0.008 -1"><span class='ocrx_word' id='word_1_1' title='bbox 1754 510 1878 576; x_wconf 79' lang='lat'>126</span> 
     </span>
    </p>
   </div>
   <div class='ocr_carea' id='block_1_2' title="bbox 642 707 2992 1652">
    <p class='ocr_par' dir='ltr' id='par_1_2' title="bbox 642 707 2992 1652">
     <span class='ocr_line' id='line_1_2' title="bbox 646 707 2988 795; baseline -0 -19"><span class='ocrx_word' id='word_1_2' title='bbox 646 709 941 776; x_wconf 79' lang='lat' dir='ltr'>cassand</span> <span class='ocrx_word' id='word_1_3' title='bbox 949 731 1102 775; x_wconf 87' lang='lat' dir='ltr'>rum</span> <span class='ocrx_word' id='word_1_4' title='bbox 1145 707 1401 773; x_wconf 89' lang='lat' dir='ltr'>bellum</span> <span class='ocrx_word' id='word_1_5' title='bbox 1443 730 1707 795; x_wconf 89' lang='lat' dir='ltr'>parare,</span> <span class='ocrx_word' id='word_1_6' title='bbox 1757 708 1965 773; x_wconf 87' lang='lat' dir='ltr'>etiam</span> <span class='ocrx_word' id='word_1_7' title='bbox 2010 708 2188 773; x_wconf 85' lang='lat' dir='ltr'>vires</span> <span class='ocrx_word' id='word_1_8' title='bbox 2235 730 2389 773; x_wconf 85' lang='lat' dir='ltr'>suas</span> <span class='ocrx_word' id='word_1_9' title='bbox 2436 731 2684 795; x_wconf 84' lang='lat' dir='ltr'>augere</span> <span class='ocrx_word' id='word_1_10' title='bbox 2704 716 2988 795; x_wconf 74' lang='lat' dir='ltr'>conatus</span> 
     </span>
     <span class='ocr_line' id='line_1_3' title="bbox 644 815 2992 902; baseline -0 -20"><span class='ocrx_word' id='word_1_11' title='bbox 644 823 767 882; x_wconf 90' lang='lat' dir='ltr'>est.</span> <span class='ocrx_word' id='word_1_12' title='bbox 862 815 1193 883; x_wconf 79' lang='lat' dir='ltr'>Contione</span> <span class='ocrx_word' id='word_1_13' title='bbox 1239 817 1609 881; x_wconf 90' lang='lat' dir='ltr'>amicorum</span> <span class='ocrx_word' id='word_1_14' title='bbox 1653 817 1993 902; x_wconf 87' lang='lat' dir='ltr'>regiorum</span> <span class='ocrx_word' id='word_1_15' title='bbox 2038 815 2294 899; x_wconf 86' lang='lat' dir='ltr'>habita,</span> <span class='ocrx_word' id='word_1_16' title='bbox 2357 816 2703 882; x_wconf 85' lang='lat' dir='ltr'>decretum</span> <span class='ocrx_word' id='word_1_17' title='bbox 2763 823 2867 882; x_wconf 90' lang='lat' dir='ltr'>est</span> <span class='ocrx_word' id='word_1_18' title='bbox 2912 823 2992 883; x_wconf 94' lang='lat' dir='ltr'>ut</span> 
     </span>
     <span class='ocr_line' id='line_1_4' title="bbox 645 922 2990 1012; baseline 0.001 -25"><span class='ocrx_word' id='word_1_19' title='bbox 645 923 923 989; x_wconf 89' lang='lat' dir='ltr'>libertas</span> <span class='ocrx_word' id='word_1_20' title='bbox 993 924 1066 988; x_wconf 88' lang='lat' dir='ltr'>in</span> <span class='ocrx_word' id='word_1_21' title='bbox 1134 923 1421 988; x_wconf 80' lang='lat' dir='ltr'>Graecia</span> <span class='ocrx_word' id='word_1_22' title='bbox 1464 924 1952 1007; x_wconf 88' lang='lat' dir='ltr'>restitueretur,</span> <span class='ocrx_word' id='word_1_23' title='bbox 2014 923 2246 1010; x_wconf 89' lang='lat' dir='ltr'>itaque</span> <span class='ocrx_word' id='word_1_24' title='bbox 2292 922 2796 1012; x_wconf 88' lang='lat' dir='ltr'>Polysperchon</span> <span class='ocrx_word' id='word_1_25' title='bbox 2844 946 2990 990; x_wconf 87' lang='lat' dir='ltr'>sese</span> 
     </span>
     <span class='ocr_line' id='line_1_5' title="bbox 645 1028 2987 1118; baseline 0.001 -23"><span class='ocrx_word' id='word_1_26' title='bbox 645 1032 854 1096; x_wconf 85' lang='lat' dir='ltr'>vertit</span> <span class='ocrx_word' id='word_1_27' title='bbox 925 1032 1013 1096; x_wconf 87' lang='lat' dir='ltr'>ad</span> <span class='ocrx_word' id='word_1_28' title='bbox 1083 1029 1453 1096; x_wconf 73' lang='lat' dir='ltr'><strong>factionem</strong></span> <span class='ocrx_word' id='word_1_29' title='bbox 1518 1029 1921 1118; x_wconf 79' lang='lat' dir='ltr'>popularem</span> <span class='ocrx_word' id='word_1_30' title='bbox 2005 1028 2351 1113; x_wconf 79' lang='lat' dir='ltr'>Graeciae,</span> <span class='ocrx_word' id='word_1_31' title='bbox 2445 1031 2831 1118; x_wconf 87' lang='lat' dir='ltr'>nuperrime</span> <span class='ocrx_word' id='word_1_32' title='bbox 2901 1031 2987 1097; x_wconf 90' lang='lat' dir='ltr'>ab</span> 
     </span>
     <span class='ocr_line' id='line_1_6' title="bbox 642 1136 2987 1226; baseline 0.001 -25"><span class='ocrx_word' id='word_1_33' title='bbox 642 1137 1009 1226; x_wconf 73' lang='lat' dir='ltr'>Antipatro</span> <span class='ocrx_word' id='word_1_34' title='bbox 1055 1137 1324 1225; x_wconf 87' lang='lat' dir='ltr'>pulsam</span> <span class='ocrx_word' id='word_1_35' title='bbox 1371 1144 1438 1202; x_wconf 86' lang='lat' dir='ltr'>et</span> <span class='ocrx_word' id='word_1_36' title='bbox 1491 1158 1904 1225; x_wconf 83' lang='lat' dir='ltr'>oppressam.</span> <span class='ocrx_word' id='word_1_37' title='bbox 1995 1136 2301 1225; x_wconf 90' lang='lat' dir='ltr'>Philippi</span> <span class='ocrx_word' id='word_1_38' title='bbox 2366 1138 2640 1203; x_wconf 90' lang='lat' dir='ltr'>nomine</span> <span class='ocrx_word' id='word_1_39' title='bbox 2685 1138 2987 1205; x_wconf 81' lang='lat' dir='ltr'>decrevit</span> 
     </span>
     <span class='ocr_line' id='line_1_7' title="bbox 646 1243 2988 1334; baseline -0 -24"><span class='ocrx_word' id='word_1_40' title='bbox 646 1250 722 1310; x_wconf 91' lang='lat' dir='ltr'>ut</span> <span class='ocrx_word' id='word_1_41' title='bbox 767 1245 1043 1310; x_wconf 91' lang='lat' dir='ltr'>Graecis</span> <span class='ocrx_word' id='word_1_42' title='bbox 1112 1245 1340 1310; x_wconf 91' lang='lat' dir='ltr'>omnia</span> <span class='ocrx_word' id='word_1_43' title='bbox 1400 1243 1560 1330; x_wconf 87' lang='lat' dir='ltr'>jura</span> <span class='ocrx_word' id='word_1_44' title='bbox 1604 1250 1675 1310; x_wconf 93' lang='lat' dir='ltr'>et</span> <span class='ocrx_word' id='word_1_45' title='bbox 1717 1244 2031 1309; x_wconf 85' lang='lat' dir='ltr'>instituta</span> <span class='ocrx_word' id='word_1_46' title='bbox 2086 1244 2331 1331; x_wconf 90' lang='lat' dir='ltr'>quibus</span> <span class='ocrx_word' id='word_1_47' title='bbox 2379 1245 2502 1310; x_wconf 89' lang='lat' dir='ltr'>sub</span> <span class='ocrx_word' id='word_1_48' title='bbox 2548 1244 2870 1334; x_wconf 90' lang='lat' dir='ltr'>Philippo</span> <span class='ocrx_word' id='word_1_49' title='bbox 2920 1252 2988 1310; x_wconf 91' lang='lat' dir='ltr'>et</span> 
     </span>
     <span class='ocr_line' id='line_1_8' title="bbox 644 1351 2987 1439; baseline -0 -21"><span class='ocrx_word' id='word_1_50' title='bbox 644 1351 1034 1418; x_wconf 84' lang='lat' dir='ltr'>Alexandro</span> <span class='ocrx_word' id='word_1_51' title='bbox 1102 1351 1297 1417; x_wconf 85' lang='lat' dir='ltr'>fruiti</span> <span class='ocrx_word' id='word_1_52' title='bbox 1365 1357 1606 1435; x_wconf 91' lang='lat' dir='ltr'>essent,</span> <span class='ocrx_word' id='word_1_53' title='bbox 1693 1351 2160 1435; x_wconf 75' lang='lat' dir='ltr'>redderentur,</span> <span class='ocrx_word' id='word_1_54' title='bbox 2255 1354 2735 1439; x_wconf 81' lang='lat' dir='ltr'>excusavitque</span> <span class='ocrx_word' id='word_1_55' title='bbox 2803 1352 2987 1438; x_wconf 90' lang='lat' dir='ltr'>quod</span> 
     </span>
     <span class='ocr_line' id='line_1_9' title="bbox 645 1458 2985 1543; baseline -0.001 -17"><span class='ocrx_word' id='word_1_56' title='bbox 645 1482 799 1525; x_wconf 92' lang='lat' dir='ltr'>cum</span> <span class='ocrx_word' id='word_1_57' title='bbox 844 1458 1212 1526; x_wconf 90' lang='lat' dir='ltr'>nonnullae</span> <span class='ocrx_word' id='word_1_58' title='bbox 1257 1459 1583 1524; x_wconf 82' lang='lat' dir='ltr'>Graeciae</span> <span class='ocrx_word' id='word_1_59' title='bbox 1629 1458 1962 1543; x_wconf 73' lang='lat' dir='ltr'>civitatee,</span> <span class='ocrx_word' id='word_1_60' title='bbox 2001 1481 2138 1524; x_wconf 93' lang='lat' dir='ltr'>non</span> <span class='ocrx_word' id='word_1_61' title='bbox 2184 1465 2367 1525; x_wconf 86' lang='lat' dir='ltr'>recte</span> <span class='ocrx_word' id='word_1_62' title='bbox 2412 1460 2797 1543; x_wconf 90' lang='lat' dir='ltr'>sentientes,</span> <span class='ocrx_word' id='word_1_63' title='bbox 2843 1459 2985 1524; x_wconf 90' lang='lat' dir='ltr'>bel-</span> 
     </span>
     <span class='ocr_line' id='line_1_10' title="bbox 642 1565 2986 1652; baseline -0 -20"><span class='ocrx_word' id='word_1_64' title='bbox 642 1567 787 1632; x_wconf 91' lang='lat' dir='ltr'>lum</span> <span class='ocrx_word' id='word_1_65' title='bbox 851 1566 1335 1632; x_wconf 86' lang='lat' dir='ltr'>Macedonibus</span> <span class='ocrx_word' id='word_1_66' title='bbox 1403 1565 1813 1649; x_wconf 81' lang='lat' dir='ltr'>intulissent,</span> <span class='ocrx_word' id='word_1_67' title='bbox 1902 1565 2202 1652; x_wconf 86' lang='lat' dir='ltr'>victique</span> <span class='ocrx_word' id='word_1_68' title='bbox 2295 1573 2539 1651; x_wconf 90' lang='lat' dir='ltr'>essent,</span> <span class='ocrx_word' id='word_1_69' title='bbox 2631 1565 2849 1632; x_wconf 88' lang='lat' dir='ltr'>multa</span> <span class='ocrx_word' id='word_1_70' title='bbox 2918 1574 2986 1631; x_wconf 90' lang='lat' dir='ltr'>et</span> 
     </span>
    </p>
   </div>
   <div class='ocr_carea' id='block_1_3' title="bbox 645 1672 3115 1762">
    <p class='ocr_par' dir='ltr' id='par_1_3' title="bbox 645 1672 3115 1762">
     <span class='ocr_line' id='line_1_11' title="bbox 645 1672 3115 1762; baseline 0 -23"><span class='ocrx_word' id='word_1_71' title='bbox 645 1674 929 1740; x_wconf 84' lang='lat' dir='ltr'>molesta</span> <span class='ocrx_word' id='word_1_72' title='bbox 1017 1695 1258 1762; x_wconf 90' lang='lat' dir='ltr'>passae</span> <span class='ocrx_word' id='word_1_73' title='bbox 1348 1680 1590 1757; x_wconf 88' lang='lat' dir='ltr'>essent,</span> <span class='ocrx_word' id='word_1_74' title='bbox 1686 1673 1805 1737; x_wconf 89' lang='lat' dir='ltr'>sed</span> <span class='ocrx_word' id='word_1_75' title='bbox 1899 1673 2205 1737; x_wconf 89' lang='lat' dir='ltr'>addidit:</span> <span class='ocrx_word' id='word_1_76' title='bbox 2289 1674 2520 1756; x_wconf 84' lang='lat' dir='ltr'>„vobis</span> <span class='ocrx_word' id='word_1_77' title='bbox 2589 1696 2987 1762; x_wconf 88' lang='lat' dir='ltr'>persuasum</span> <span class='ocrx_word' id='word_1_78' title='bbox 3108 1672 3115 1677; x_wconf 76' lang='grc'><em>’</em></span> 
     </span>
    </p>
   </div>
   <div class='ocr_carea' id='block_1_4' title="bbox 641 1780 2987 4329">
    <p class='ocr_par' dir='ltr' id='par_1_4' title="bbox 648 1780 2987 3473">
     <span class='ocr_line' id='line_1_12' title="bbox 650 1780 2985 1868; baseline 0 -22"><span class='ocrx_word' id='word_1_79' title='bbox 650 1781 994 1863; x_wconf 87' lang='lat' dir='ltr'>„habeatis</span> <span class='ocrx_word' id='word_1_80' title='bbox 1041 1803 1181 1847; x_wconf 93' lang='lat' dir='ltr'>non</span> <span class='ocrx_word' id='word_1_81' title='bbox 1225 1801 1368 1863; x_wconf 91' lang='lat' dir='ltr'>nos,</span> <span class='ocrx_word' id='word_1_82' title='bbox 1415 1781 1533 1845; x_wconf 86' lang='lat' dir='ltr'>sed</span> <span class='ocrx_word' id='word_1_83' title='bbox 1579 1786 1923 1868; x_wconf 88' lang='lat' dir='ltr'>praetores</span> <span class='ocrx_word' id='word_1_84' title='bbox 1968 1787 2231 1845; x_wconf 89' lang='lat' dir='ltr'>nostros</span> <span class='ocrx_word' id='word_1_85' title='bbox 2253 1780 2496 1846; x_wconf 89' lang='lat' dir='ltr'>harum</span> <span class='ocrx_word' id='word_1_86' title='bbox 2518 1780 2985 1847; x_wconf 86' lang='lat' dir='ltr'>calamitatum</span> 
     </span>
     <span class='ocr_line' id='line_1_13' title="bbox 651 1886 2984 1974; baseline 0 -20"><span class='ocrx_word' id='word_1_87' title='bbox 651 1894 994 1970; x_wconf 86' lang='lat' dir='ltr'>„auctores</span> <span class='ocrx_word' id='word_1_88' title='bbox 1062 1886 1290 1954; x_wconf 85' lang='lat' dir='ltr'>fuisse.</span> <span class='ocrx_word' id='word_1_89' title='bbox 1383 1887 1523 1953; x_wconf 86' lang='lat' dir='ltr'>Nos</span> <span class='ocrx_word' id='word_1_90' title='bbox 1594 1894 1824 1951; x_wconf 91' lang='lat' dir='ltr'>autem</span> <span class='ocrx_word' id='word_1_91' title='bbox 1909 1887 2133 1974; x_wconf 90' lang='lat' dir='ltr'>prisca</span> <span class='ocrx_word' id='word_1_92' title='bbox 2212 1887 2524 1953; x_wconf 86' lang='lat' dir='ltr'>instituta</span> <span class='ocrx_word' id='word_1_93' title='bbox 2590 1889 2665 1953; x_wconf 91' lang='lat' dir='ltr'>in</span> <span class='ocrx_word' id='word_1_94' title='bbox 2728 1889 2984 1954; x_wconf 88' lang='lat' dir='ltr'>honore</span> 
     </span>
     <span class='ocr_line' id='line_1_14' title="bbox 653 1994 2986 2082; baseline 0 -21"><span class='ocrx_word' id='word_1_95' title='bbox 653 1996 1037 2080; x_wconf 74' lang='lat' dir='ltr'>„habenteS,</span> <span class='ocrx_word' id='word_1_96' title='bbox 1106 1994 1303 2060; x_wconf 85' lang='lat' dir='ltr'>vobis</span> <span class='ocrx_word' id='word_1_97' title='bbox 1368 2016 1609 2082; x_wconf 89' lang='lat' dir='ltr'>pacem</span> <span class='ocrx_word' id='word_1_98' title='bbox 1678 2016 2018 2081; x_wconf 89' lang='lat' dir='ltr'>paramus,</span> <span class='ocrx_word' id='word_1_99' title='bbox 2092 2000 2159 2059; x_wconf 89' lang='lat' dir='ltr'>et</span> <span class='ocrx_word' id='word_1_100' title='bbox 2204 1995 2536 2079; x_wconf 86' lang='lat' dir='ltr'>instituta,</span> <span class='ocrx_word' id='word_1_101' title='bbox 2585 2002 2659 2060; x_wconf 88' lang='lat' dir='ltr'>ut</span> <span class='ocrx_word' id='word_1_102' title='bbox 2706 1994 2986 2061; x_wconf 79' lang='lat' dir='ltr'>fuerunt</span> 
     </span>
     <span class='ocr_line' id='line_1_15' title="bbox 650 2100 2987 2192; baseline -0 -24"><span class='ocrx_word' id='word_1_103' title='bbox 650 2103 813 2186; x_wconf 85' lang='lat' dir='ltr'>„sub</span> <span class='ocrx_word' id='word_1_104' title='bbox 883 2102 1207 2192; x_wconf 91' lang='lat' dir='ltr'>Philippo</span> <span class='ocrx_word' id='word_1_105' title='bbox 1276 2107 1344 2167; x_wconf 89' lang='lat' dir='ltr'>et</span> <span class='ocrx_word' id='word_1_106' title='bbox 1409 2100 1801 2167; x_wconf 86' lang='lat' dir='ltr'>Alexandro</span> <span class='ocrx_word' id='word_1_107' title='bbox 1870 2100 2166 2188; x_wconf 74' lang='lat' dir='ltr'>regibUS‚</span> <span class='ocrx_word' id='word_1_108' title='bbox 2240 2102 2434 2167; x_wconf 85' lang='lat' dir='ltr'>vobis</span> <span class='ocrx_word' id='word_1_109' title='bbox 2500 2103 2867 2188; x_wconf 90' lang='lat' dir='ltr'>reddimus,</span> <span class='ocrx_word' id='word_1_110' title='bbox 2916 2109 2987 2168; x_wconf 91' lang='lat' dir='ltr'>et</span> 
     </span>
     <span class='ocr_line' id='line_1_16' title="bbox 651 2208 2983 2298; baseline 0 -23"><span class='ocrx_word' id='word_1_111' title='bbox 651 2210 956 2298; x_wconf 84' lang='lat' dir='ltr'>„copiam</span> <span class='ocrx_word' id='word_1_112' title='bbox 1002 2210 1241 2275; x_wconf 89' lang='lat' dir='ltr'>damus</span> <span class='ocrx_word' id='word_1_113' title='bbox 1285 2229 1393 2273; x_wconf 89' lang='lat' dir='ltr'>res</span> <span class='ocrx_word' id='word_1_114' title='bbox 1433 2208 1977 2291; x_wconf 87' lang='lat' dir='ltr'>administrandi,</span> <span class='ocrx_word' id='word_1_115' title='bbox 2025 2214 2102 2273; x_wconf 89' lang='lat' dir='ltr'>ut</span> <span class='ocrx_word' id='word_1_116' title='bbox 2147 2216 2350 2274; x_wconf 86' lang='lat' dir='ltr'>antea</span> <span class='ocrx_word' id='word_1_117' title='bbox 2395 2209 2483 2274; x_wconf 90' lang='lat' dir='ltr'>ab</span> <span class='ocrx_word' id='word_1_118' title='bbox 2506 2209 2588 2274; x_wconf 91' lang='lat' dir='ltr'>iis</span> <span class='ocrx_word' id='word_1_119' title='bbox 2610 2211 2983 2298; x_wconf 90' lang='lat' dir='ltr'>praescrip-</span> 
     </span>
     <span class='ocr_line' id='line_1_17' title="bbox 650 2315 2984 2404; baseline 0.001 -23"><span class='ocrx_word' id='word_1_120' title='bbox 650 2324 835 2399; x_wconf 84' lang='lat' dir='ltr'>„tum</span> <span class='ocrx_word' id='word_1_121' title='bbox 900 2324 1018 2382; x_wconf 91' lang='lat' dir='ltr'>est.</span> <span class='ocrx_word' id='word_1_122' title='bbox 1112 2316 1364 2381; x_wconf 85' lang='lat' dir='ltr'>Exules</span> <span class='ocrx_word' id='word_1_123' title='bbox 1434 2321 1501 2380; x_wconf 89' lang='lat' dir='ltr'>et</span> <span class='ocrx_word' id='word_1_124' title='bbox 1570 2337 1682 2381; x_wconf 88' lang='lat' dir='ltr'>eos</span> <span class='ocrx_word' id='word_1_125' title='bbox 1744 2315 1861 2401; x_wconf 91' lang='lat' dir='ltr'>qui</span> <span class='ocrx_word' id='word_1_126' title='bbox 1929 2315 2090 2380; x_wconf 92' lang='lat' dir='ltr'>inde</span> <span class='ocrx_word' id='word_1_127' title='bbox 2159 2316 2243 2380; x_wconf 92' lang='lat' dir='ltr'>ab</span> <span class='ocrx_word' id='word_1_128' title='bbox 2307 2338 2385 2381; x_wconf 92' lang='lat' dir='ltr'>eo</span> <span class='ocrx_word' id='word_1_129' title='bbox 2453 2322 2777 2404; x_wconf 90' lang='lat' dir='ltr'>tempore,</span> <span class='ocrx_word' id='word_1_130' title='bbox 2849 2338 2984 2403; x_wconf 88' lang='lat' dir='ltr'>quo</span> 
     </span>
     <span class='ocr_line' id='line_1_18' title="bbox 652 2422 2980 2512; baseline 0 -23"><span class='ocrx_word' id='word_1_131' title='bbox 652 2423 1080 2505; x_wconf 87' lang='lat' dir='ltr'>„Alexander</span> <span class='ocrx_word' id='word_1_132' title='bbox 1124 2425 1190 2489; x_wconf 85' lang='lat' dir='ltr'>ia</span> <span class='ocrx_word' id='word_1_133' title='bbox 1236 2423 1473 2489; x_wconf 87' lang='lat' dir='ltr'>Asiam</span> <span class='ocrx_word' id='word_1_134' title='bbox 1524 2423 1814 2507; x_wconf 86' lang='lat' dir='ltr'>transiit,</span> <span class='ocrx_word' id='word_1_135' title='bbox 1880 2444 1921 2487; x_wconf 91' lang='lat' dir='ltr'>a</span> <span class='ocrx_word' id='word_1_136' title='bbox 1965 2422 2250 2488; x_wconf 87' lang='lat' dir='ltr'>ducibus</span> <span class='ocrx_word' id='word_1_137' title='bbox 2292 2424 2538 2489; x_wconf 87' lang='lat' dir='ltr'>nostris</span> <span class='ocrx_word' id='word_1_138' title='bbox 2584 2425 2823 2512; x_wconf 87' lang='lat' dir='ltr'>patriis</span> <span class='ocrx_word' id='word_1_139' title='bbox 2871 2447 2980 2489; x_wconf 91' lang='lat' dir='ltr'>ex-</span> 
     </span>
     <span class='ocr_line' id='line_1_19' title="bbox 653 2527 2983 2618; baseline 0 -22"><span class='ocrx_word' id='word_1_140' title='bbox 653 2531 867 2618; x_wconf 86' lang='lat' dir='ltr'>„pulsi</span> <span class='ocrx_word' id='word_1_141' title='bbox 912 2537 1089 2614; x_wconf 90' lang='lat' dir='ltr'>sunt,</span> <span class='ocrx_word' id='word_1_142' title='bbox 1136 2531 1540 2614; x_wconf 90' lang='lat' dir='ltr'>reducimus,</span> <span class='ocrx_word' id='word_1_143' title='bbox 1588 2530 1822 2617; x_wconf 87' lang='lat' dir='ltr'>paucis</span> <span class='ocrx_word' id='word_1_144' title='bbox 1871 2528 2188 2618; x_wconf 78' lang='lat' dir='ltr'>exceptis,</span> <span class='ocrx_word' id='word_1_145' title='bbox 2252 2527 2327 2594; x_wconf 85' lang='lat' dir='ltr'>Si</span> <span class='ocrx_word' id='word_1_146' title='bbox 2368 2552 2543 2617; x_wconf 90' lang='lat' dir='ltr'>quae</span> <span class='ocrx_word' id='word_1_147' title='bbox 2589 2538 2748 2596; x_wconf 89' lang='lat' dir='ltr'>sunt</span> <span class='ocrx_word' id='word_1_148' title='bbox 2792 2532 2983 2597; x_wconf 87' lang='lat' dir='ltr'>insti-</span> 
     </span>
     <span class='ocr_line' id='line_1_20' title="bbox 648 2635 2982 2726; baseline 0 -22"><span class='ocrx_word' id='word_1_149' title='bbox 648 2644 859 2723; x_wconf 88' lang='lat' dir='ltr'>„tuta,</span> <span class='ocrx_word' id='word_1_150' title='bbox 926 2660 1103 2726; x_wconf 89' lang='lat' dir='ltr'>quae</span> <span class='ocrx_word' id='word_1_151' title='bbox 1160 2636 1520 2726; x_wconf 84' lang='lat' dir='ltr'>Philippus</span> <span class='ocrx_word' id='word_1_152' title='bbox 1569 2644 1638 2702; x_wconf 93' lang='lat' dir='ltr'>et</span> <span class='ocrx_word' id='word_1_153' title='bbox 1675 2635 2066 2703; x_wconf 84' lang='lat' dir='ltr'>Alexander</span> <span class='ocrx_word' id='word_1_154' title='bbox 2133 2636 2297 2724; x_wconf 89' lang='lat' dir='ltr'>ipsis</span> <span class='ocrx_word' id='word_1_155' title='bbox 2359 2639 2695 2704; x_wconf 90' lang='lat' dir='ltr'>contraria</span> <span class='ocrx_word' id='word_1_156' title='bbox 2756 2638 2982 2705; x_wconf 92' lang='lat' dir='ltr'>edide-</span> 
     </span>
     <span class='ocr_line' id='line_1_21' title="bbox 648 2744 2982 2828; baseline 0 -17"><span class='ocrx_word' id='word_1_157' title='bbox 648 2753 867 2828; x_wconf 88' lang='lat' dir='ltr'>„runt,</span> <span class='ocrx_word' id='word_1_158' title='bbox 919 2746 1005 2810; x_wconf 98' lang='lat' dir='ltr'>ad</span> <span class='ocrx_word' id='word_1_159' title='bbox 1052 2766 1175 2810; x_wconf 87' lang='lat' dir='ltr'>nos</span> <span class='ocrx_word' id='word_1_160' title='bbox 1197 2745 1544 2828; x_wconf 77' lang='lat' dir='ltr'>veniunto,</span> <span class='ocrx_word' id='word_1_161' title='bbox 1589 2751 1668 2809; x_wconf 91' lang='lat' dir='ltr'>ut</span> <span class='ocrx_word' id='word_1_162' title='bbox 1691 2744 1891 2810; x_wconf 90' lang='lat' dir='ltr'>rebus</span> <span class='ocrx_word' id='word_1_163' title='bbox 1914 2744 2213 2827; x_wconf 77' lang='lat' dir='ltr'>mutatiS,</span> <span class='ocrx_word' id='word_1_164' title='bbox 2255 2745 2479 2811; x_wconf 91' lang='lat' dir='ltr'>denuo</span> <span class='ocrx_word' id='word_1_165' title='bbox 2503 2746 2590 2810; x_wconf 89' lang='lat' dir='ltr'>ad</span> <span class='ocrx_word' id='word_1_166' title='bbox 2614 2746 2982 2811; x_wconf 88' lang='lat' dir='ltr'>utilitatem</span> 
     </span>
     <span class='ocr_line' id='line_1_22' title="bbox 649 2851 2984 2936; baseline 0 -19"><span class='ocrx_word' id='word_1_167' title='bbox 649 2858 990 2936; x_wconf 86' lang='lat' dir='ltr'>„nostram</span> <span class='ocrx_word' id='word_1_168' title='bbox 1039 2859 1109 2917; x_wconf 91' lang='lat' dir='ltr'>et</span> <span class='ocrx_word' id='word_1_169' title='bbox 1152 2852 1338 2917; x_wconf 88' lang='lat' dir='ltr'>urbis</span> <span class='ocrx_word' id='word_1_170' title='bbox 1382 2874 1487 2917; x_wconf 90' lang='lat' dir='ltr'>res</span> <span class='ocrx_word' id='word_1_171' title='bbox 1549 2852 2043 2917; x_wconf 88' lang='lat' dir='ltr'>administrent.</span> <span class='ocrx_word' id='word_1_172' title='bbox 2137 2851 2232 2918; x_wconf 90' lang='lat' dir='ltr'>Ut</span> <span class='ocrx_word' id='word_1_173' title='bbox 2279 2852 2800 2919; x_wconf 88' lang='lat' dir='ltr'>Atheniensium</span> <span class='ocrx_word' id='word_1_174' title='bbox 2849 2855 2984 2918; x_wconf 90' lang='lat' dir='ltr'>sint</span> 
     </span>
     <span class='ocr_line' id='line_1_23' title="bbox 649 2957 2982 3048; baseline -0 -23"><span class='ocrx_word' id='word_1_175' title='bbox 649 2966 913 3042; x_wconf 88' lang='lat' dir='ltr'>„cetera</span> <span class='ocrx_word' id='word_1_176' title='bbox 980 2981 1153 3046; x_wconf 90' lang='lat' dir='ltr'>quae</span> <span class='ocrx_word' id='word_1_177' title='bbox 1222 2960 1345 3024; x_wconf 93' lang='lat' dir='ltr'>sub</span> <span class='ocrx_word' id='word_1_178' title='bbox 1414 2958 1737 3046; x_wconf 89' lang='lat' dir='ltr'>Philippo</span> <span class='ocrx_word' id='word_1_179' title='bbox 1805 2964 1876 3023; x_wconf 92' lang='lat' dir='ltr'>et</span> <span class='ocrx_word' id='word_1_180' title='bbox 1940 2957 2354 3041; x_wconf 81' lang='lat' dir='ltr'>Alexandro,</span> <span class='ocrx_word' id='word_1_181' title='bbox 2431 2966 2509 3024; x_wconf 89' lang='lat' dir='ltr'>ut</span> <span class='ocrx_word' id='word_1_182' title='bbox 2579 2960 2982 3048; x_wconf 87' lang='lat' dir='ltr'>Oropiorum</span> 
     </span>
     <span class='ocr_line' id='line_1_24' title="bbox 650 3063 2981 3153; baseline 0.001 -23"><span class='ocrx_word' id='word_1_183' title='bbox 650 3073 918 3149; x_wconf 84' lang='lat' dir='ltr'>„tamen</span> <span class='ocrx_word' id='word_1_184' title='bbox 966 3067 1055 3131; x_wconf 87' lang='lat' dir='ltr'>sit</span> <span class='ocrx_word' id='word_1_185' title='bbox 1101 3065 1357 3153; x_wconf 92' lang='lat' dir='ltr'>Oropos</span> <span class='ocrx_word' id='word_1_186' title='bbox 1403 3065 1506 3130; x_wconf 88' lang='lat' dir='ltr'>uti</span> <span class='ocrx_word' id='word_1_187' title='bbox 1550 3086 1751 3130; x_wconf 93' lang='lat' dir='ltr'>nunc.</span> <span class='ocrx_word' id='word_1_188' title='bbox 1824 3063 2106 3130; x_wconf 83' lang='lat' dir='ltr'>Samum</span> <span class='ocrx_word' id='word_1_189' title='bbox 2165 3071 2394 3130; x_wconf 91' lang='lat' dir='ltr'>autem</span> <span class='ocrx_word' id='word_1_190' title='bbox 2451 3065 2981 3132; x_wconf 87' lang='lat' dir='ltr'>Atheniensibus</span> 
     </span>
     <span class='ocr_line' id='line_1_25' title="bbox 651 3171 2980 3261; baseline 0 -23"><span class='ocrx_word' id='word_1_191' title='bbox 651 3174 1038 3261; x_wconf 56' lang='lat' dir='ltr'>⁷,tradimus</span> <span class='ocrx_word' id='word_1_192' title='bbox 1087 3172 1409 3259; x_wconf 90' lang='lat' dir='ltr'>quoniam</span> <span class='ocrx_word' id='word_1_193' title='bbox 1454 3171 1816 3260; x_wconf 89' lang='lat' dir='ltr'>Philippus</span> <span class='ocrx_word' id='word_1_194' title='bbox 1861 3177 2059 3259; x_wconf 90' lang='lat' dir='ltr'>pater</span> <span class='ocrx_word' id='word_1_195' title='bbox 2106 3178 2308 3237; x_wconf 85' lang='lat' dir='ltr'>antea</span> <span class='ocrx_word' id='word_1_196' title='bbox 2354 3173 2562 3238; x_wconf 90' lang='lat' dir='ltr'>dedit.</span> <span class='ocrx_word' id='word_1_197' title='bbox 2609 3172 2707 3240; x_wconf 89' lang='lat' dir='ltr'>Ut</span> <span class='ocrx_word' id='word_1_198' title='bbox 2750 3195 2980 3239; x_wconf 89' lang='lat' dir='ltr'>omnes</span> 
     </span>
     <span class='ocr_line' id='line_1_26' title="bbox 651 3266 2981 3366; baseline -0 -20"><span class='ocrx_word' id='word_1_199' title='bbox 651 3281 932 3362; x_wconf 87' lang='lat' dir='ltr'>„Graeci</span> <span class='ocrx_word' id='word_1_200' title='bbox 977 3266 1321 3345; x_wconf 88' lang='lat' dir='ltr'>decretum</span> <span class='ocrx_word' id='word_1_201' title='bbox 1367 3278 1645 3362; x_wconf 85' lang='lat' dir='ltr'>faciant,</span> <span class='ocrx_word' id='word_1_202' title='bbox 1673 3300 1758 3345; x_wconf 93' lang='lat' dir='ltr'>ne</span> <span class='ocrx_word' id='word_1_203' title='bbox 1789 3279 1937 3364; x_wconf 88' lang='lat' dir='ltr'>quis</span> <span class='ocrx_word' id='word_1_204' title='bbox 1961 3278 2324 3364; x_wconf 89' lang='lat' dir='ltr'>stipendia,</span> <span class='ocrx_word' id='word_1_205' title='bbox 2348 3302 2524 3346; x_wconf 87' lang='lat' dir='ltr'>neve</span> <span class='ocrx_word' id='word_1_206' title='bbox 2549 3280 2712 3366; x_wconf 90' lang='lat' dir='ltr'>quid</span> <span class='ocrx_word' id='word_1_207' title='bbox 2738 3281 2981 3346; x_wconf 86' lang='lat' dir='ltr'>hostile</span> 
     </span>
     <span class='ocr_line' id='line_1_27' title="bbox 650 3386 1482 3473; baseline 0 -21"><span class='ocrx_word' id='word_1_208' title='bbox 650 3393 925 3470; x_wconf 84' lang='lat' dir='ltr'>„contra</span> <span class='ocrx_word' id='word_1_209' title='bbox 967 3408 1090 3453; x_wconf 90' lang='lat' dir='ltr'>nos</span> <span class='ocrx_word' id='word_1_210' title='bbox 1133 3386 1345 3452; x_wconf 86' lang='lat' dir='ltr'>faciat</span> <span class='ocrx_word' id='word_1_211' title='bbox 1363 3386 1482 3473; x_wconf 78' lang='lat'>1).”</span> 
     </span>
    </p>

    <p class='ocr_par' dir='ltr' id='par_1_5' title="bbox 641 3492 2984 4329">
     <span class='ocr_line' id='line_1_28' title="bbox 735 3492 2981 3583; baseline 0.001 -25"><span class='ocrx_word' id='word_1_212' title='bbox 735 3493 896 3559; x_wconf 89' lang='lat' dir='ltr'>Sine</span> <span class='ocrx_word' id='word_1_213' title='bbox 946 3493 1152 3559; x_wconf 91' lang='lat' dir='ltr'>dubio</span> <span class='ocrx_word' id='word_1_214' title='bbox 1198 3495 1535 3582; x_wconf 87' lang='lat' dir='ltr'>speciosae</span> <span class='ocrx_word' id='word_1_215' title='bbox 1578 3515 1685 3558; x_wconf 90' lang='lat' dir='ltr'>res</span> <span class='ocrx_word' id='word_1_216' title='bbox 1731 3492 2010 3559; x_wconf 88' lang='lat' dir='ltr'>fuerunt</span> <span class='ocrx_word' id='word_1_217' title='bbox 2057 3517 2223 3582; x_wconf 89' lang='lat' dir='ltr'>quas</span> <span class='ocrx_word' id='word_1_218' title='bbox 2285 3493 2791 3581; x_wconf 86' lang='lat' dir='ltr'>Polysperchon</span> <span class='ocrx_word' id='word_1_219' title='bbox 2837 3495 2981 3583; x_wconf 91' lang='lat' dir='ltr'>pol-</span> 
     </span>
     <span class='ocr_line' id='line_1_29' title="bbox 643 3600 2984 3689; baseline 0 -23"><span class='ocrx_word' id='word_1_220' title='bbox 643 3601 869 3666; x_wconf 89' lang='lat' dir='ltr'>licitus</span> <span class='ocrx_word' id='word_1_221' title='bbox 919 3607 1039 3684; x_wconf 87' lang='lat' dir='ltr'>est,</span> <span class='ocrx_word' id='word_1_222' title='bbox 1088 3622 1502 3687; x_wconf 89' lang='lat' dir='ltr'>quamquam</span> <span class='ocrx_word' id='word_1_223' title='bbox 1549 3601 1634 3666; x_wconf 91' lang='lat' dir='ltr'>ab</span> <span class='ocrx_word' id='word_1_224' title='bbox 1684 3600 1899 3667; x_wconf 86' lang='lat' dir='ltr'>altera</span> <span class='ocrx_word' id='word_1_225' title='bbox 1932 3609 2127 3689; x_wconf 89' lang='lat' dir='ltr'>parte</span> <span class='ocrx_word' id='word_1_226' title='bbox 2172 3601 2321 3666; x_wconf 90' lang='lat' dir='ltr'>fieri</span> <span class='ocrx_word' id='word_1_227' title='bbox 2364 3622 2504 3666; x_wconf 93' lang='lat' dir='ltr'>non</span> <span class='ocrx_word' id='word_1_228' title='bbox 2548 3602 2774 3689; x_wconf 89' lang='lat' dir='ltr'>potuit</span> <span class='ocrx_word' id='word_1_229' title='bbox 2818 3602 2984 3687; x_wconf 90' lang='lat' dir='ltr'>quin</span> 
     </span>
     <span class='ocr_line' id='line_1_30' title="bbox 641 3707 2982 3796; baseline 0 -24"><span class='ocrx_word' id='word_1_230' title='bbox 641 3708 867 3796; x_wconf 90' lang='lat' dir='ltr'>ipsum</span> <span class='ocrx_word' id='word_1_231' title='bbox 935 3708 1281 3773; x_wconf 88' lang='lat' dir='ltr'>decretum</span> <span class='ocrx_word' id='word_1_232' title='bbox 1348 3707 1677 3773; x_wconf 89' lang='lat' dir='ltr'>maximas</span> <span class='ocrx_word' id='word_1_233' title='bbox 1748 3708 2167 3774; x_wconf 87' lang='lat' dir='ltr'>calamitates</span> <span class='ocrx_word' id='word_1_234' title='bbox 2259 3708 2535 3773; x_wconf 87' lang='lat' dir='ltr'>Graecis</span> <span class='ocrx_word' id='word_1_235' title='bbox 2618 3708 2982 3773; x_wconf 87' lang='lat' dir='ltr'>allaturum</span> 
     </span>
     <span class='ocr_line' id='line_1_31' title="bbox 646 3814 2982 3902; baseline 0 -23"><span class='ocrx_word' id='word_1_236' title='bbox 646 3821 838 3881; x_wconf 87' lang='lat' dir='ltr'>esset.</span> <span class='ocrx_word' id='word_1_237' title='bbox 886 3814 1034 3880; x_wconf 92' lang='lat' dir='ltr'>Hoc</span> <span class='ocrx_word' id='word_1_238' title='bbox 1080 3815 1351 3880; x_wconf 86' lang='lat' dir='ltr'>decreto</span> <span class='ocrx_word' id='word_1_239' title='bbox 1399 3816 1582 3880; x_wconf 89' lang='lat' dir='ltr'>enim</span> <span class='ocrx_word' id='word_1_240' title='bbox 1630 3815 1917 3880; x_wconf 87' lang='lat' dir='ltr'>Graecia</span> <span class='ocrx_word' id='word_1_241' title='bbox 1965 3837 2006 3880; x_wconf 90' lang='lat' dir='ltr'>a</span> <span class='ocrx_word' id='word_1_242' title='bbox 2070 3815 2647 3902; x_wconf 84' lang='lat' dir='ltr'>Polysperchonte</span> <span class='ocrx_word' id='word_1_243' title='bbox 2690 3815 2765 3878; x_wconf 93' lang='lat' dir='ltr'>in</span> <span class='ocrx_word' id='word_1_244' title='bbox 2813 3815 2982 3880; x_wconf 90' lang='lat' dir='ltr'>duas</span> 
     </span>
     <span class='ocr_line' id='line_1_32' title="bbox 644 3921 2981 4009; baseline 0 -22"><span class='ocrx_word' id='word_1_245' title='bbox 644 3927 893 4009; x_wconf 74' lang='lat' dir='ltr'>parteS,</span> <span class='ocrx_word' id='word_1_246' title='bbox 942 3943 1079 3988; x_wconf 92' lang='lat' dir='ltr'>non</span> <span class='ocrx_word' id='word_1_247' title='bbox 1129 3921 1418 4009; x_wconf 86' lang='lat' dir='ltr'>amplius</span> <span class='ocrx_word' id='word_1_248' title='bbox 1465 3929 1583 3986; x_wconf 92' lang='lat' dir='ltr'>aut</span> <span class='ocrx_word' id='word_1_249' title='bbox 1637 3922 1886 3987; x_wconf 91' lang='lat' dir='ltr'>amicas</span> <span class='ocrx_word' id='word_1_250' title='bbox 1912 3927 2031 3987; x_wconf 90' lang='lat' dir='ltr'>aut</span> <span class='ocrx_word' id='word_1_251' title='bbox 2054 3921 2475 3987; x_wconf 86' lang='lat' dir='ltr'>adversarias</span> <span class='ocrx_word' id='word_1_252' title='bbox 2520 3921 2981 4006; x_wconf 88' lang='lat' dir='ltr'>Macedoniae,</span> 
     </span>
     <span class='ocr_line' id='line_1_33' title="bbox 645 4026 2982 4116; baseline 0 -24"><span class='ocrx_word' id='word_1_253' title='bbox 645 4028 763 4092; x_wconf 88' lang='lat' dir='ltr'>sed</span> <span class='ocrx_word' id='word_1_254' title='bbox 833 4034 948 4094; x_wconf 86' lang='lat' dir='ltr'>aut</span> <span class='ocrx_word' id='word_1_255' title='bbox 1019 4026 1416 4111; x_wconf 83' lang='lat' dir='ltr'>CassandrO,</span> <span class='ocrx_word' id='word_1_256' title='bbox 1488 4034 1607 4093; x_wconf 92' lang='lat' dir='ltr'>aut</span> <span class='ocrx_word' id='word_1_257' title='bbox 1673 4050 1852 4094; x_wconf 87' lang='lat' dir='ltr'>novo</span> <span class='ocrx_word' id='word_1_258' title='bbox 1919 4030 2337 4116; x_wconf 86' lang='lat' dir='ltr'>procuratori</span> <span class='ocrx_word' id='word_1_259' title='bbox 2382 4027 2715 4111; x_wconf 86' lang='lat' dir='ltr'>faventes,</span> <span class='ocrx_word' id='word_1_260' title='bbox 2763 4029 2982 4095; x_wconf 88' lang='lat' dir='ltr'>divisa</span> 
     </span>
     <span class='ocr_line' id='line_1_34' title="bbox 647 4133 2982 4223; baseline 0 -24"><span class='ocrx_word' id='word_1_261' title='bbox 647 4141 767 4199; x_wconf 90' lang='lat' dir='ltr'>est.</span> <span class='ocrx_word' id='word_1_262' title='bbox 859 4133 1010 4201; x_wconf 92' lang='lat' dir='ltr'>Hoc</span> <span class='ocrx_word' id='word_1_263' title='bbox 1074 4136 1222 4223; x_wconf 90' lang='lat' dir='ltr'>ipso</span> <span class='ocrx_word' id='word_1_264' title='bbox 1293 4136 1561 4200; x_wconf 91' lang='lat' dir='ltr'>decreto</span> <span class='ocrx_word' id='word_1_265' title='bbox 1634 4136 2004 4201; x_wconf 90' lang='lat' dir='ltr'>dominatio</span> <span class='ocrx_word' id='word_1_266' title='bbox 2075 4134 2516 4200; x_wconf 89' lang='lat' dir='ltr'>Macedonica</span> <span class='ocrx_word' id='word_1_267' title='bbox 2576 4134 2853 4200; x_wconf 90' lang='lat' dir='ltr'>Graecis</span> <span class='ocrx_word' id='word_1_268' title='bbox 2909 4135 2982 4199; x_wconf 91' lang='lat' dir='ltr'>in</span> 
     </span>
     <span class='ocr_line' id='line_1_35' title="bbox 645 4241 2978 4329; baseline 0.001 -24"><span class='ocrx_word' id='word_1_269' title='bbox 645 4261 880 4306; x_wconf 88' lang='lat' dir='ltr'>veram</span> <span class='ocrx_word' id='word_1_270' title='bbox 926 4241 1385 4307; x_wconf 86' lang='lat' dir='ltr'>calamitatem</span> <span class='ocrx_word' id='word_1_271' title='bbox 1431 4262 1628 4309; x_wconf 83' lang='lat' dir='ltr'>versa</span> <span class='ocrx_word' id='word_1_272' title='bbox 1675 4249 1808 4324; x_wconf 83' lang='lat' dir='ltr'>est3</span> <span class='ocrx_word' id='word_1_273' title='bbox 1879 4264 2062 4306; x_wconf 90' lang='lat' dir='ltr'>nunc</span> <span class='ocrx_word' id='word_1_274' title='bbox 2107 4242 2288 4306; x_wconf 92' lang='lat' dir='ltr'>enim</span> <span class='ocrx_word' id='word_1_275' title='bbox 2334 4248 2678 4329; x_wconf 87' lang='lat' dir='ltr'>praetores</span> <span class='ocrx_word' id='word_1_276' title='bbox 2728 4242 2978 4307; x_wconf 87' lang='lat' dir='ltr'>dissen-</span> 
     </span>
    </p>
   </div>
   <div class='ocr_carea' id='block_1_5' title="bbox 653 4387 1075 4395">
    <p class='ocr_par' dir='ltr' id='par_1_6' title="bbox 653 4387 1075 4395">
     <span class='ocr_line' id='line_1_36' title="bbox 653 4387 1075 4395; baseline 0 955"><span class='ocrx_word' id='word_1_277' title='bbox 653 4387 1075 4395; x_wconf 95' lang='lat' dir='ltr'> </span> 
     </span>
    </p>
   </div>
   <div class='ocr_carea' id='block_1_6' title="bbox 697 4463 1183 4526">
    <p class='ocr_par' dir='ltr' id='par_1_7' title="bbox 697 4463 1183 4526">
     <span class='ocr_line' id='line_1_37' title="bbox 697 4463 1183 4526; baseline -0.004 -10"><span class='ocrx_word' id='word_1_278' title='bbox 697 4463 747 4526; x_wconf 67' lang='grc'>1)</span> <span class='ocrx_word' id='word_1_279' title='bbox 783 4464 938 4518; x_wconf 88' lang='lat' dir='ltr'>Diod.</span> <span class='ocrx_word' id='word_1_280' title='bbox 979 4465 1060 4517; x_wconf 90' lang='lat'>18.</span> <span class='ocrx_word' id='word_1_281' title='bbox 1101 4466 1183 4517; x_wconf 86' lang='lat'>56.</span> 
     </span>
    </p>
   </div>
  </div>
 </body>
</html>
