3338 5350
1570 517 1656 585 65

526 722 973 808 Perspicuum
1036 729 1138 786 est
1180 727 1336 809 post
1384 721 1755 785 Alexandri
1800 727 2084 786 mortem
2131 719 2298 786 haec
2344 720 2579 784 eadem
2618 716 2775 805 jura

436 831 857 916 principatus
903 850 1039 894 non
1087 830 1307 893 minus
1377 827 1688 911 valuisse,
1762 850 1967 914 quam
2035 830 2198 893 vivo
2248 850 2361 909 eo;
2430 829 2776 915 provincia

440 936 631 1021 cujus
676 957 947 1022 praeses
1007 935 1112 999 his
1172 934 1435 1021 legibus
1484 935 1810 1000 obnoxius
1853 941 2043 1017 esset,
2095 936 2230 1020 qui,
2279 937 2332 999 si
2379 935 2650 1020 quando
2696 934 2776 997 iis

444 1043 936 1124 adversaretur,
1003 1043 1239 1128 poenis
1293 1041 1732 1127 affligeretur,
1796 1047 1862 1105 et
1908 1043 2063 1126 cogi
2104 1048 2330 1128 posset
2378 1049 2456 1106 ut
2499 1062 2612 1106 eas
2661 1063 2776 1126 ag-

441 1156 763 1232 nosceret,
813 1149 979 1214 haec
1021 1152 1165 1213 sine
1209 1149 1414 1214 dubio
1459 1170 1617 1236 pars
1685 1150 1875 1234 regni
1923 1147 2239 1213 habenda
2299 1154 2420 1223 est,
2470 1148 2778 1233 quamvis

442 1263 680 1344 potens
727 1262 797 1320 et
840 1255 1014 1320 liber
1059 1263 1360 1343 satrapes
1416 1255 1563 1320 aliis
1607 1258 1680 1319 in
1727 1255 1925 1320 rebus
1971 1254 2210 1337 fuerit3
2260 1255 2378 1320 sed
2429 1256 2782 1342 provincia

443 1365 513 1427 in
560 1385 693 1448 qua
731 1364 889 1448 jura
933 1363 1053 1428 illa
1098 1385 1233 1428 non
1307 1363 1596 1450 amplius
1666 1365 1954 1427 exerceri
1999 1367 2384 1450 potuerunt,
2430 1367 2780 1446 tamquam

447 1469 531 1534 ab
576 1471 859 1556 imperio
901 1470 1230 1535 dissoluta
1276 1470 1592 1534 habenda
1643 1476 1764 1535 est.

535 1577 782 1642 Statim
846 1583 1207 1664 postquam
1277 1575 1468 1642 nulla
1540 1576 1827 1663 amplius
1894 1577 2244 1663 provincia
2310 1575 2444 1641 fuit
2510 1576 2581 1638 in
2644 1596 2781 1661 qua

444 1682 768 1767 valerent,
839 1705 1060 1769 neque
1129 1683 1416 1770 amplius
1486 1685 1756 1748 nomine
1818 1705 2055 1769 regum
2110 1682 2695 1748 Macedonicorum
2742 1704 2782 1745 a

444 1790 780 1885 ministrisc
833 1789 1168 1876 legitimis,
1217 1813 1424 1877 penes
1473 1812 1640 1876 quos
1688 1789 1820 1855 fuit
1864 1793 2053 1878 regia
2096 1797 2416 1878 potesta8‚
2468 1788 2782 1853 sustineri

443 1903 829 1983 potuerunt,
870 1897 943 1961 id
992 1897 1170 1982 quod
1218 1898 1483 1985 imperii
1529 1896 1947 1963 Macedonici
1994 1900 2065 1963 in
2087 1897 2255 1963 Asia
2276 1896 2611 1982 reliquum
2639 1900 2782 1960 erat

446 2004 851 2068 exstinctum
899 2012 1018 2088 est,
1066 2006 1291 2091 ipsum
1335 2006 1694 2092 imperium
1740 2007 2015 2071 interiit.

512 2400 552 2478 ξ
600 2395 664 2463 3.
728 2394 815 2463 De
862 2394 1352 2480 magistratibus.
1402 2392 1489 2463 De
1537 2391 1845 2477 satrapis,
1907 2391 1993 2461 De
2040 2392 2304 2463 coloniis
2350 2392 2611 2462 Graecis
2657 2393 2715 2460 in

582 2510 748 2579 Asia.
798 2510 884 2579 De
931 2509 1203 2595 praediis
1249 2508 1320 2577 et
1362 2508 1882 2594 possessionibus
1926 2509 2117 2594 renis.
2171 2509 2257 2578 De
2305 2509 2645 2578 thesauris.

535 2725 764 2791 Primo
831 2726 977 2791 loco
1039 2724 1433 2790 nominandi
1524 2728 1683 2787 sunt
1747 2724 2003 2809 aliquot
2061 2726 2495 2811 magistratus
2542 2747 2583 2789 a
2625 2747 2787 2809 rege

445 2834 742 2898 instituti
790 2833 876 2898 ad
924 2834 1282 2920 imperium
1329 2830 1964 2896 administrandum.

536 2939 711 3005 Vivo
754 2939 1167 3023 Alexandro,
1216 2962 1334 3005 rex
1385 2941 1533 3029 ipse
1580 2941 1713 3007 fuit
1752 2948 2059 3007 centrum
2107 2941 2392 3027 imperii.
2442 2938 2786 3018 Quantum

448 3047 775 3112 traditum
837 3053 956 3129 est,
1026 3046 1151 3111 sub
1213 3069 1424 3133 regno
1488 3048 1632 3134 ejus
1696 3071 1870 3114 unus
1941 3048 2299 3113 dumtaxat
2351 3049 2786 3133 magistratus

447 3154 719 3221 videtur
761 3153 989 3235 fuisse,
1060 3154 1175 3240 qui
1236 3156 1520 3242 perinde
1569 3178 1646 3221 ac
1691 3178 1811 3220 rex
1859 3155 1946 3219 ad
1992 3157 2383 3219 universum
2430 3155 2787 3241 imperium

446 3251 792 3348 pertinuit.
859 3259 992 3324 Hic
1041 3268 1266 3326 autem
1308 3264 1746 3352 magistratus
1794 3261 1926 3327 fuit
1967 3261 2383 3326 chiliarchus.
2431 3258 2785 3326 Nobilibus

447 3368 899 3456 stipendiariis
946 3367 1446 3452 Macedonibus,
1495 3370 1832 3455 equitibus
1881 3369 2024 3434 sive
2085 3367 2375 3433 hetaeris
2425 3366 2532 3447 (cf.
2584 3387 2787 3453 supra

446 3496 607 3561 pag.
653 3474 767 3561 49)
830 3475 1199 3560 antiquitus
1269 3475 1569 3563 praefuit
1612 3497 1912 3541 summus
1959 3476 2116 3557 dux,
2167 3476 2309 3541 sive
2354 3474 2785 3562 hipparchus,

447 3580 838 3646 Alexander
884 3603 1061 3647 anno
1109 3582 1240 3646 330
1286 3582 1595 3669 exemplo
1642 3604 1882 3668 regum
1931 3582 2287 3647 Persarum
2335 3583 2574 3647 ductus
2600 3582 2787 3645 insti-

448 3690 584 3754 tuit
625 3694 703 3752 ut
746 3688 1157 3776 hipparchus
1226 3688 1568 3754 chiliarchi
1614 3688 1835 3773 titulo,
1897 3690 2115 3775 gradu
2175 3690 2319 3774 regi
2363 3690 2670 3776 proximo
2715 3689 2786 3751 in

447 3816 659 3879 regno
705 3802 897 3878 esset,
972 3795 1685 3883 Hephaestionemque
1749 3817 1826 3861 eo
1873 3795 2126 3861 honore
2165 3794 2393 3860 affecit
2413 3794 2484 3878 1).
2579 3793 2786 3859 Chili-

450 3901 692 3967 archus
760 3901 1145 3989 praefectus
1194 3904 1503 3988 equitum
1539 3901 2128 3968 Macedonicorum
2196 3904 2463 3985 mansit,
2534 3924 2669 3988 qua
2714 3902 2787 3966 in

503 4115 551 4171 1)
587 4118 771 4187 Nepos
827 4116 1034 4172 Conon.
1091 4117 1141 4171 3.
1203 4118 1249 4170 2.
1316 4118 1710 4186 „chilim-chus,
1771 4119 1868 4186 qui
1924 4119 2228 4173 secundum
2283 4120 2521 4189 gradum
2571 4120 2788 4189 imperii

454 4206 711 4276 „tenebat
763 4206 899 4271 (scil.
958 4206 1107 4275 apud
1159 4205 1432 4272 Persas).'’
1489 4206 1648 4261 Diod.
1691 4206 1772 4261 18.
1828 4206 1914 4261 48.
1971 4209 2020 4262 5.
2059 4207 2086 4262 ἧ
2125 4206 2177 4284 δὲ
2210 4211 2301 4257 τοῦ
2335 4208 2609 4272 χιλιάρχου
2646 4205 2790 4269 τάξις

450 4294 541 4345 καὶ
591 4294 855 4358 προαγωγὴ
912 4297 971 4344 τὸ
1026 4296 1115 4357 μὲν
1166 4301 1346 4357 πρῶτον
1403 4294 1496 4346 ὑπὸ
1552 4301 1647 4345 τῶν
1684 4303 1923 4359 Περσικῶν
1960 4295 2201 4359 βασιλέων
2237 4297 2306 4354 εἷς
2339 4296 2489 4360 ’ὄνομα
2525 4298 2611 4348 καῖ
2646 4295 2788 4358 δόξαν

448 4381 694 4446 προήχθη·
750 4386 882 4448 μετὰ
938 4382 989 4434 δὲ
1048 4387 1219 4435 vave-a
1271 4385 1425 4436 πάλιν
1481 4384 1563 4434 ὑπ’
1613 4383 1930 4449 Ἀλεξάνδρου
1967 4388 2193 4450 μεγάλης
2226 4384 2407 4450 ’ἔτυχεν
2443 4383 2668 4447 ἐξουσίας
2704 4386 2790 4436 καὶ

448 4476 621 4534 τιμῆς,
655 4472 736 4521 ὅτε
771 4471 856 4522 καὶ
890 4478 984 4522 τῶν
1022 4472 1179 4523 ἄλλων
1215 4480 1311 4524 τῶν
1346 4479 1584 4536 Περσικῶν
1621 4476 1831 4537 νομίμων
1870 4471 2095 4536 ζηλωτὴς
2131 4474 2344 4539 ἐγένετο.

2533 4575 2567 4626 5
