3338 5350
1753 508 1838 572 14

622 728 799 793 quae
865 707 1221 771 universae
1280 705 1538 771 tributa
1604 704 1924 792 Philippo
1993 703 2305 769 ferebant
2342 702 2412 786 1).
2487 703 2644 769 Νο11
2711 704 2958 768 mirum

629 821 733 878 est
799 813 1152 878 Thessalos
1220 813 1389 877 haec
1455 811 1683 877 omnia
1735 810 1882 897 jam
1949 811 2142 876 brevi
2210 818 2363 898 post
2429 811 2548 876 vix
2607 809 2840 875 tulisse
2889 810 2962 893 2),

629 921 993 1006 statimque
1060 927 1334 985 conatos
1380 941 1524 984 esse
1570 926 1644 983 ut
1690 918 1890 983 urbes
1938 941 2091 983 suas
2136 919 2534 1005 reciperent.
2603 917 2962 1005 Philippus

631 1049 671 1092 a
717 1049 840 1092 sua
882 1033 1077 1114 parte
1120 1027 1203 1091 iis
1249 1026 1752 1112 aliquantulum
1796 1026 2155 1091 indulsisse
2177 1025 2468 1105 videtur,
2493 1024 2700 1089 finem
2723 1025 2966 1090 saltem

627 1134 949 1221 imposuit
1007 1132 1375 1197 muniendo
1436 1132 1859 1217 Magnesiam
1905 1133 1976 1218 3),
2027 1133 2196 1198 adeo
2263 1140 2342 1197 ut
2386 1133 2608 1197 denuo
2653 1132 2964 1218 tyrannis

627 1241 887 1305 occasio
977 1238 1209 1305 oblata
1302 1240 1412 1323 sit,
1484 1246 1563 1304 ut
1631 1238 2123 1326 aliquantisper
2182 1239 2422 1304 Pheris
2492 1239 2963 1304 auctoritatem

626 1369 818 1412 suam
884 1347 1334 1429 restituerent,
1376 1347 1591 1411 donec
1637 1367 1817 1411 anno
1861 1347 1992 1412 349
2036 1347 2282 1411 iterum
2336 1369 2378 1410 a
2421 1345 2742 1433 Philippo
2784 1345 2964 1432 pulsi

629 1461 783 1519 sunt
809 1456 881 1533 4).
978 1453 1321 1532 Quantum
1423 1460 1708 1541 apparet
1794 1453 2100 1518 Thessali
2192 1453 2355 1517 inde
2439 1453 2524 1518 ab
2591 1452 2719 1518 hoc
2785 1474 2964 1518 anno

627 1584 841 1647 usque
904 1562 991 1626 ad
1052 1562 1184 1626 345
1247 1559 1564 1625 libertate
1611 1560 1906 1645 quadam
1951 1558 2142 1624 fruiti
2191 1567 2368 1643 sunt,
2417 1560 2589 1627 adeo
2633 1565 2713 1624 ut
2755 1559 2965 1625 factio

624 1667 903 1756 politica
948 1668 1269 1755 Philippo
1316 1666 1707 1732 adversaria
1745 1667 1994 1731 iterum
2016 1666 2276 1732 viribus
2301 1673 2627 1732 cresceret
2651 1666 2723 1750 5),
2751 1667 2966 1732 donec

625 1775 742 1841 illo
791 1797 968 1840 anno
1014 1773 1375 1862 Philippus
1420 1780 1577 1861 post
1618 1795 2013 1861 prosperam
2060 1773 2563 1861 expeditionem
2599 1774 2668 1838 in
2695 1772 2964 1858 Illyrios

625 1881 740 1966 (cf.
781 1904 938 1970 pag.
987 1881 1058 1966 8)
1119 1903 1229 1946 eos
1289 1882 1364 1945 in
1427 1881 1834 1968 asperiorem
1896 1882 2292 1946 servitutem
2359 1881 2626 1967 redegit
2672 1878 2741 1961 6).
2815 1879 2966 1945 Hac

625 1989 975 2054 occasione
1019 1988 1202 2053 enim
1243 1986 1604 2075 Philippus
1626 1987 1968 2074 praesidia
1990 1988 2314 2075 imposuit
2336 1987 2573 2052 Pheris
2598 1994 2667 2051 et
2688 1987 2964 2073 reliquis

626 2095 905 2161 urbibus
973 2094 1358 2160 Thessaliae
1395 2095 1466 2178 ⁷),
1536 2094 1785 2159 iterum
1848 2094 2301 2182 portoriorum
2388 2103 2456 2158 et
2525 2093 2966 2179 vectigalium

626 2201 1144 2284 usumfructum,
1213 2200 1561 2288 paulisper
1608 2201 1695 2266 ab
1742 2222 1821 2266 eo
1866 2200 2253 2287 neglectum
2297 2207 2377 2265 ut
2421 2200 2711 2283 videtur,
2762 2199 2850 2265 ad
2898 2222 2969 2264 se

623 2308 851 2392 traxit,
899 2307 1311 2394 oligarchiae
1356 2307 1609 2392 ubique
1654 2308 2125 2392 instituuntur,
2153 2308 2388 2373 decem
2409 2307 2556 2393 tagi
2581 2307 2653 2371 in
2679 2306 2964 2392 singulis

627 2414 903 2479 urbibus
966 2414 1243 2479 summis
1305 2415 1504 2480 rebus
1563 2415 2071 2501 praeficiuntur,
2128 2414 2311 2480 unde
2358 2415 2809 2480 derivandum
2856 2419 2962 2478 est

626 2544 874 2586 nomen
920 2522 1405 2587 decadarchiae
1430 2520 1503 2605 ⁸),
1549 2543 1675 2609 per
1709 2521 2038 2587 factiones
2063 2521 2503 2608 oligarchicas
2529 2521 2969 2586 Macedoniae

627 2629 873 2696 amicas
923 2629 1398 2695 auctoritatem
1446 2650 1637 2695 suam
1683 2628 1985 2696 firmavit
2005 2631 2079 2716 ⁹).

714 2737 1006 2803 Perinde
1051 2743 1294 2823 gentes
1342 2736 1674 2803 finitimae
1697 2735 1995 2824 Dolopes
2020 2743 2088 2801 et
2115 2736 2473 2819 AenianeS,
2496 2735 2781 2823 posthac
2803 2735 2970 2800 socii

626 2843 954 2926 fidissimi,
1042 2843 1171 2909 1100
1256 2841 1400 2907 fere
1483 2849 1788 2929 tempore
1875 2843 2265 2907 societatem
2333 2864 2481 2907 cum
2569 2842 2971 2906 Macedonia

625 2950 925 3015 inierunt
950 2953 1047 3032 ¹⁰).

676 3210 725 3276 1)
764 3212 1013 3282 Droysen
1053 3212 1099 3264 1.
1142 3211 1189 3264 1.
1229 3210 1348 3263 108.

677 3298 728 3365 2)
764 3300 1048 3354 Demosth.
1091 3298 1174 3352 15.
1218 3299 1312 3362 17;
1351 3299 1434 3352 21.
1479 3299 1560 3352 12.

677 3386 726 3453 3)
764 3387 1045 3442 Demosth.
1084 3388 1167 3441 71.
1210 3387 1277 3440 12
1315 3390 1371 3441 et
1408 3388 1576 3442 schol.
1618 3388 1691 3441 ad
1729 3388 1782 3441 h.
1820 3387 1856 3442 l.
1893 3386 2066 3443 schol.
2105 3387 2190 3440 ad.
2236 3386 2320 3439 15.
2361 3385 2444 3439 18.

677 3476 727 3543 ⁴)
764 3476 920 3531 Diod.
963 3476 1045 3530 16.
1084 3474 1168 3529 52.
1208 3476 1260 3529 9.

676 3564 724 3630 5)
765 3565 1024 3620 Schaefer
1061 3565 1112 3618 2.
1150 3564 1270 3619 281.

676 3652 726 3718 6)
761 3654 916 3708 Diod.
960 3655 1042 3708 16.
1079 3655 1163 3708 69.
1201 3654 1251 3709 8.
1291 3656 1511 3727 Trogus
1550 3656 1701 3710 Prol.
1742 3655 1792 3710 8.

678 3743 723 3809 7)
762 3744 1044 3798 Demosth.
1082 3744 1169 3798 84.
1208 3744 1303 3812 193
1344 3745 1464 3798 113.
1501 3745 1605 3812 213
1639 3745 1764 3799 424.
1800 3745 1886 3799 21.

677 3830 724 3897 8)
762 3832 1042 3887 Demosth.
1083 3833 1166 3888 71.
1208 3833 1291 3886 13.
1332 3833 1511 3887 Cauer
1546 3833 1806 3888 Delectus
1842 3834 2011 3888 Inscr.
2050 3833 2171 3887 395.
2210 3832 2332 3886 396.

678 3919 725 3988 9)
763 3920 943 3976 Schol.
983 3921 1070 3975 ad.
1110 3923 1263 3977 Dem.
1301 3923 1387 3976 21.
1428 3923 1511 3976 12.
1548 3922 1620 3981 εἰς
1655 3920 1740 3971 δύο
1775 3923 1871 3985 γὰρ
1908 3917 2096 3985 μερίζει
2127 3923 2243 3980 τοὺς
2261 3922 2561 3980 Θετταλοὺς,
2576 3920 2646 3979 εἰς
2670 3920 2975 3984 ἀγνοοῦντας

625 4013 711 4061 τὸν
747 4010 1002 4069 Φίλιππον,
1038 4009 1122 4063 καὶ
1155 4009 1350 4068 εἰδότας
1387 4016 1475 4077 μὲν
1512 4010 1735 4069 δεδιότας
1770 4010 1836 4061 δέ.
1871 4012 2133 4081 Polyaen.
2170 4012 2220 4064 4.
2262 4012 2312 4063 2.
2353 4010 2437 4064 19.
2478 4009 2671 4081 Polyb.
2707 4010 2756 4064 9.
2794 4009 2881 4063 28.
2916 4010 2970 4064 3.

626 4098 908 4154 Freeman.
963 4100 1186 4170 Histoi-y
1246 4101 1307 4154 of
1351 4100 1563 4155 federal
1613 4101 1991 4156 Government
2045 4100 2148 4154 119
2185 4117 2311 4154 ann.
2348 4099 2398 4152 9.
2438 4100 2718 4170 Theoealy,
2756 4100 2973 4170 merely

625 4188 873 4258 brought
907 4187 1085 4242 under
1121 4206 1193 4242 an
1231 4190 1660 4259 overwhelming
1696 4189 2058 4244 Macedonian
2091 4190 2382 4243 influence.

651 4274 728 4343 10)
765 4276 921 4330 Diod.
994 4276 1077 4329 16.
1150 4278 1236 4331 69.
1294 4277 1344 4332 8.
1418 4279 1702 4333 Demosth.
1760 4279 1879 4332 246.
1921 4280 1971 4332 2.
2010 4281 2069 4331 et
2105 4278 2188 4332 12.
2244 4283 2450 4338 Πότερον
2486 4275 2642 4337 αὐτὴν
2680 4278 2974 4344 (Athenas)

625 4362 771 4427 ἐχρῆν
793 4403 803 4415 .
828 4408 840 4419 .
862 4407 874 4419 .
895 4362 943 4414 ἐν
979 4371 1043 4431 τῇ
1097 4374 1367 4419 Θετταλῶν
1421 4371 1507 4418 καῖ
1545 4371 1772 4419 Δολόπων
1803 4364 1942 4428 τάξει
1979 4365 2446 4430 συγκατακτᾶσθαι
2484 4367 2713 4429 Φιλίππῳ
2749 4364 2838 4421 τὴν
2873 4371 2975 4414 τᾶν

627 4452 865 4513 Ἑλλήνων
901 4453 1069 4518 ἀρχήν.
1109 4457 1173 4510 cf.
1217 4456 1477 4512 Schaefer
1515 4457 1564 4510 2.
1604 4458 1729 4510 347.
