3338 5350
1716 541 1804 605 58

585 739 858 807 foedere
925 739 1364 806 Macedoniae
1425 737 1646 824 juncti
1717 744 1929 822 erant,
1977 739 2096 803 sed
2143 737 2446 821 Triballi,
2504 736 2922 819 Autariatae,

586 847 914 930 Dardani,
961 848 1263 913 Paeones
1310 855 1378 912 et
1415 845 1660 933 reliqui
1707 845 1980 912 barbari
2019 843 2514 932 Septentrionis
2562 845 2650 910 ad
2672 844 2926 909 flumen

588 957 839 1020 Istrum
884 977 1097 1041 usque
1118 954 1166 1037 1)
1215 949 1507 1020 foederis
1547 954 1822 1019 nomine
1879 973 2034 1018 cum
2077 973 2238 1037 rege
2290 950 2633 1037 conjuncti
2676 951 2923 1039 princi-

587 1067 827 1150 patum
896 1060 1038 1146 ejus
1102 1065 1547 1147 agnoverunt.
1638 1058 1722 1123 In
1783 1059 2071 1125 Thracia
2133 1066 2201 1123 et
2261 1059 2334 1123 in
2398 1059 2530 1124 oris
2569 1059 2924 1124 maritimis

588 1168 793 1234 maris
839 1167 1166 1251 Thracici,
1205 1168 1278 1232 in
1317 1166 1778 1233 Chersonneso
1822 1188 1965 1231 sese
2010 1165 2326 1232 sustinuit
2365 1165 2436 1229 in
2483 1165 2760 1230 urbibus
2809 1170 2928 1229 aut

586 1275 722 1341 illis
789 1275 951 1341 locis
1020 1276 1328 1356 conditiS‚
1403 1280 1521 1339 aut
1587 1276 1660 1338 vi
1722 1272 2060 1359 subjectis,
2109 1294 2430 1358 magnam
2466 1279 2731 1360 partem
2780 1270 2928 1357 agri

587 1383 896 1448 Thracici
939 1381 1279 1458 nobilibus
1317 1380 1801 1447 Macedonibus
1827 1381 2003 1446 dono
2029 1380 2327 1460 dederat,
2375 1380 2473 1443 ita
2496 1389 2572 1444 ut
2608 1378 2927 1445 universa

587 1491 775 1576 regio
815 1489 878 1554 ei
926 1511 1003 1555 eo
1038 1511 1252 1576 usque
1300 1487 1602 1574 subjecta
1635 1494 1828 1571 esset,
1856 1493 1934 1551 ut
1970 1508 2094 1574 pro
2116 1486 2469 1575 provincia
2492 1485 2929 1551 Macedonica

588 1596 905 1662 habenda
953 1598 1057 1662 sit.
1106 1596 1324 1663 Urbes
1373 1595 1860 1662 remotissimae
1911 1595 1997 1660 ad
2048 1593 2345 1660 Pontum
2368 1592 2712 1658 Euxinum
2737 1592 2925 1674 sitae,

592 1704 885 1769 Odessus
932 1711 1001 1768 et
1045 1702 1431 1792 Apollonia,
1471 1702 1799 1768 Getarum
1844 1724 2031 1788 gem,
2080 1701 2363 1788 perinde
2403 1722 2483 1764 ac
2519 1698 2930 1785 Byzantium

589 1809 863 1876 foedere
911 1832 1125 1896 aequo
1171 1831 1325 1875 cum
1370 1809 1691 1897 Philippo
1739 1809 2140 1894 conjunctae
2180 1807 2456 1894 quidem
2496 1811 2706 1890 erant,
2751 1812 2928 1869 cete-

590 1940 741 1983 rum
788 1917 874 1982 ab
921 1918 1106 1983 omni
1144 1923 1340 2004 parte
1384 1915 1638 1982 liberae
1680 1922 2091 1981 manserunt.
2184 1915 2386 1979 Haud
2436 1912 2930 1979 contemnenda

590 2048 747 2114 pars
817 2024 1094 2112 Illyriae
1156 2025 1241 2089 ad
1308 2022 1637 2090 Scodram
1706 2045 1917 2110 usque
1962 2022 2353 2089 societatem
2423 2042 2576 2085 cum
2631 2040 2708 2085 eo
2753 2019 2926 2100 iniit,

591 2131 1022 2198 matrimonio
1061 2153 1179 2197 suo
1225 2152 1378 2196 cum
1428 2130 1836 2219 Olympiade
1886 2130 2283 2195 auctoritate
2330 2128 2550 2194 valuit
2586 2127 2661 2191 in
2697 2126 2927 2213 Epiro,

592 2260 748 2304 cum
785 2237 1132 2304 Thessalia
1179 2237 1672 2303 tetrarcharum
1703 2237 2017 2323 auspiciis
2044 2235 2516 2301 administrata
2538 2232 2931 2321 provinciae

591 2345 1070 2411 Macedonicae
1114 2345 1329 2410 instar
1375 2350 1567 2410 esset.
1629 2344 1979 2409 Postremo
2024 2344 2174 2431 ipsa
2222 2341 2508 2408 Graecia
2557 2348 2623 2406 et
2669 2339 2931 2404 insulae

593 2452 910 2538 synedrio
978 2450 1286 2518 Corinthi
1350 2450 1772 2537 conjunctae,
1846 2451 2067 2538 specie
2112 2448 2403 2514 foederis
2452 2447 2655 2533 aequi
2693 2467 2934 2510 revera

590 2559 1050 2646 principatum
1097 2559 1242 2644 ejus
1289 2562 1733 2644 agnoverunt,
1782 2559 1936 2623 eiin
1975 2557 2160 2623 omni
2183 2578 2256 2620 re
2291 2555 2471 2621 dicto
2497 2553 2930 2620 oboedientes

593 2666 892 2732 fuerunt.

652 4517 698 4587 1)
735 4518 926 4588 Polyb.
967 4519 1012 4570 1.
1055 4517 1104 4570 2.
1145 4515 1193 4570 4.
