<?xml version="1.0" encoding="UTF-8"?>
<!DOCTYPE html PUBLIC "-//W3C//DTD XHTML 1.0 Transitional//EN"
    "http://www.w3.org/TR/xhtml1/DTD/xhtml1-transitional.dtd">
<html xmlns="http://www.w3.org/1999/xhtml" xml:lang="en" lang="en">
 <head>
  <title>
</title>
<meta http-equiv="Content-Type" content="text/html;charset=utf-8" />
  <meta name='ocr-system' content='tesseract 3.04.00' />
  <meta name='ocr-capabilities' content='ocr_page ocr_carea ocr_par ocr_line ocrx_word'/>
</head>
<body>
  <div class='ocr_page' id='page_1' title='image "./definibusregnim01breegoog_0067.png"; bbox 0 0 3338 5350; ppageno 0'>
   <div class='ocr_carea' id='block_1_1' title="bbox 1440 542 1528 607">
    <p class='ocr_par' dir='ltr' id='par_1_1' title="bbox 1440 542 1528 607">
     <span class='ocr_line' id='line_1_1' title="bbox 1440 542 1528 607; baseline 0.011 -1"><span class='ocrx_word' id='word_1_1' title='bbox 1440 542 1528 607; x_wconf 90' lang='grc'>29</span> 
     </span>
    </p>
   </div>
   <div class='ocr_carea' id='block_1_2' title="bbox 303 739 2662 3717">
    <p class='ocr_par' dir='ltr' id='par_1_2' title="bbox 309 739 2660 2005">
     <span class='ocr_line' id='line_1_2' title="bbox 312 739 2659 828; baseline 0 -25"><span class='ocrx_word' id='word_1_2' title='bbox 312 742 520 805; x_wconf 87' lang='lat' dir='ltr'>etiam</span> <span class='ocrx_word' id='word_1_3' title='bbox 564 740 729 805; x_wconf 92' lang='lat' dir='ltr'>locis</span> <span class='ocrx_word' id='word_1_4' title='bbox 778 740 1036 805; x_wconf 78' lang='lat' dir='ltr'>idoneis</span> <span class='ocrx_word' id='word_1_5' title='bbox 1081 739 1280 804; x_wconf 89' lang='lat' dir='ltr'>urbes</span> <span class='ocrx_word' id='word_1_6' title='bbox 1322 740 1642 824; x_wconf 91' lang='lat' dir='ltr'>condidit,</span> <span class='ocrx_word' id='word_1_7' title='bbox 1690 739 2200 828; x_wconf 87' lang='lat' dir='ltr'>Philippopolin</span> <span class='ocrx_word' id='word_1_8' title='bbox 2241 741 2327 805; x_wconf 87' lang='lat' dir='ltr'>ad</span> <span class='ocrx_word' id='word_1_9' title='bbox 2351 739 2659 805; x_wconf 80' lang='lat' dir='ltr'>Hebrum</span> 
     </span>
     <span class='ocr_line' id='line_1_3' title="bbox 310 845 2654 935; baseline 0 -25"><span class='ocrx_word' id='word_1_10' title='bbox 310 846 568 913; x_wconf 89' lang='lat' dir='ltr'>flumen</span> <span class='ocrx_word' id='word_1_11' title='bbox 592 850 641 930; x_wconf 76' lang='grc'>1)</span> <span class='ocrx_word' id='word_1_12' title='bbox 689 854 761 912; x_wconf 88' lang='lat' dir='ltr'>et</span> <span class='ocrx_word' id='word_1_13' title='bbox 797 845 1160 932; x_wconf 84' lang='lat' dir='ltr'>Kabylem,</span> <span class='ocrx_word' id='word_1_14' title='bbox 1198 852 1436 933; x_wconf 90' lang='lat' dir='ltr'>postea</span> <span class='ocrx_word' id='word_1_15' title='bbox 1495 849 1895 935; x_wconf 88' lang='lat' dir='ltr'>praecipuas</span> <span class='ocrx_word' id='word_1_16' title='bbox 1964 848 2164 912; x_wconf 88' lang='lat' dir='ltr'>urbes</span> <span class='ocrx_word' id='word_1_17' title='bbox 2234 848 2559 913; x_wconf 80' lang='lat' dir='ltr'>Thraciae</span> <span class='ocrx_word' id='word_1_18' title='bbox 2583 847 2654 930; x_wconf 79' lang='grc'>2).</span> 
     </span>
     <span class='ocr_line' id='line_1_4' title="bbox 311 953 2657 1042; baseline -0 -23"><span class='ocrx_word' id='word_1_19' title='bbox 311 955 682 1040; x_wconf 88' lang='lat' dir='ltr'>Drongilus</span> <span class='ocrx_word' id='word_1_20' title='bbox 747 954 1048 1037; x_wconf 89' lang='lat' dir='ltr'>Mastira,</span> <span class='ocrx_word' id='word_1_21' title='bbox 1112 953 1286 1018; x_wconf 91' lang='lat' dir='ltr'>Bine</span> <span class='ocrx_word' id='word_1_22' title='bbox 1357 960 1426 1018; x_wconf 90' lang='lat' dir='ltr'>et</span> <span class='ocrx_word' id='word_1_23' title='bbox 1490 953 1708 1020; x_wconf 89' lang='lat' dir='ltr'>Beroe</span> <span class='ocrx_word' id='word_1_24' title='bbox 1779 956 1985 1019; x_wconf 90' lang='lat' dir='ltr'>etiam</span> <span class='ocrx_word' id='word_1_25' title='bbox 2052 954 2155 1019; x_wconf 90' lang='lat' dir='ltr'>his</span> <span class='ocrx_word' id='word_1_26' title='bbox 2240 954 2657 1042; x_wconf 69' lang='lat' dir='ltr'>temporibus</span> 
     </span>
     <span class='ocr_line' id='line_1_5' title="bbox 312 1053 2660 1149; baseline -0 -23"><span class='ocrx_word' id='word_1_27' title='bbox 312 1061 790 1126; x_wconf 70' lang='lat' dir='ltr'>attribuendae</span> <span class='ocrx_word' id='word_1_28' title='bbox 879 1067 1037 1125; x_wconf 86' lang='lat' dir='ltr'>sunt</span> <span class='ocrx_word' id='word_1_29' title='bbox 1064 1061 1135 1141; x_wconf 79' lang='lat'>3).</span> <span class='ocrx_word' id='word_1_30' title='bbox 1229 1060 1426 1125; x_wconf 84' lang='lat' dir='ltr'>Cives</span> <span class='ocrx_word' id='word_1_31' title='bbox 1496 1053 1725 1126; x_wconf 86' lang='lat' dir='ltr'>autem</span> <span class='ocrx_word' id='word_1_32' title='bbox 1807 1061 1911 1126; x_wconf 91' lang='lat' dir='ltr'>his</span> <span class='ocrx_word' id='word_1_33' title='bbox 2002 1060 2279 1127; x_wconf 83' lang='lat' dir='ltr'>urbibus</span> <span class='ocrx_word' id='word_1_34' title='bbox 2346 1062 2660 1149; x_wconf 84' lang='lat' dir='ltr'>praebuit</span> 
     </span>
     <span class='ocr_line' id='line_1_6' title="bbox 313 1167 2659 1254; baseline 0 -21"><span class='ocrx_word' id='word_1_35' title='bbox 313 1169 736 1234; x_wconf 88' lang='lat' dir='ltr'>traducendo</span> <span class='ocrx_word' id='word_1_36' title='bbox 807 1170 880 1232; x_wconf 87' lang='lat' dir='ltr'>in</span> <span class='ocrx_word' id='word_1_37' title='bbox 948 1167 1309 1233; x_wconf 81' lang='lat' dir='ltr'>Thraciam</span> <span class='ocrx_word' id='word_1_38' title='bbox 1376 1174 1614 1254; x_wconf 83' lang='lat' dir='ltr'>gentes</span> <span class='ocrx_word' id='word_1_39' title='bbox 1706 1169 2166 1233; x_wconf 79' lang='lat' dir='ltr'>remotissimis</span> <span class='ocrx_word' id='word_1_40' title='bbox 2233 1168 2395 1233; x_wconf 90' lang='lat' dir='ltr'>locis</span> <span class='ocrx_word' id='word_1_41' title='bbox 2468 1168 2659 1234; x_wconf 85' lang='lat' dir='ltr'>s‘edes</span> 
     </span>
     <span class='ocr_line' id='line_1_7' title="bbox 311 1273 2659 1362; baseline 0 -22"><span class='ocrx_word' id='word_1_42' title='bbox 311 1276 662 1359; x_wconf 85' lang='lat' dir='ltr'>habentes,</span> <span class='ocrx_word' id='word_1_43' title='bbox 709 1296 908 1340; x_wconf 89' lang='lat' dir='ltr'>omne</span> <span class='ocrx_word' id='word_1_44' title='bbox 954 1297 1169 1360; x_wconf 86' lang='lat' dir='ltr'>genus</span> <span class='ocrx_word' id='word_1_45' title='bbox 1211 1274 1686 1343; x_wconf 87' lang='lat' dir='ltr'>sceleratorum</span> <span class='ocrx_word' id='word_1_46' title='bbox 1731 1273 2015 1362; x_wconf 87' lang='lat' dir='ltr'>pellexit</span> <span class='ocrx_word' id='word_1_47' title='bbox 2058 1280 2137 1340; x_wconf 91' lang='lat' dir='ltr'>ut</span> <span class='ocrx_word' id='word_1_48' title='bbox 2181 1276 2371 1340; x_wconf 90' lang='lat' dir='ltr'>sedes</span> <span class='ocrx_word' id='word_1_49' title='bbox 2418 1276 2491 1338; x_wconf 91' lang='lat' dir='ltr'>in</span> <span class='ocrx_word' id='word_1_50' title='bbox 2536 1275 2659 1340; x_wconf 87' lang='lat' dir='ltr'>has</span> 
     </span>
     <span class='ocr_line' id='line_1_8' title="bbox 309 1382 2659 1475; baseline -0.001 -28"><span class='ocrx_word' id='word_1_51' title='bbox 309 1384 512 1448; x_wconf 88' lang='lat' dir='ltr'>urbes</span> <span class='ocrx_word' id='word_1_52' title='bbox 558 1388 921 1475; x_wconf 76' lang='lat' dir='ltr'>mutarent,</span> <span class='ocrx_word' id='word_1_53' title='bbox 962 1389 1040 1447; x_wconf 88' lang='lat' dir='ltr'>ut</span> <span class='ocrx_word' id='word_1_54' title='bbox 1087 1405 1171 1448; x_wconf 91' lang='lat' dir='ltr'>ex</span> <span class='ocrx_word' id='word_1_55' title='bbox 1214 1382 1599 1448; x_wconf 90' lang='lat' dir='ltr'>hominibus</span> <span class='ocrx_word' id='word_1_56' title='bbox 1649 1384 1746 1447; x_wconf 88' lang='lat' dir='ltr'>ita</span> <span class='ocrx_word' id='word_1_57' title='bbox 1791 1383 2141 1469; x_wconf 71' lang='lat' dir='ltr'>permixtis</span> <span class='ocrx_word' id='word_1_58' title='bbox 2175 1404 2384 1446; x_wconf 91' lang='lat' dir='ltr'>unam</span> <span class='ocrx_word' id='word_1_59' title='bbox 2404 1403 2659 1447; x_wconf 86' lang='lat' dir='ltr'>novam</span> 
     </span>
     <span class='ocr_line' id='line_1_9' title="bbox 310 1486 2654 1577; baseline 0 -23"><span class='ocrx_word' id='word_1_60' title='bbox 310 1492 658 1555; x_wconf 88' lang='lat' dir='ltr'>nationem</span> <span class='ocrx_word' id='word_1_61' title='bbox 705 1489 1031 1556; x_wconf 85' lang='lat' dir='ltr'>formaret</span> <span class='ocrx_word' id='word_1_62' title='bbox 1079 1490 1147 1572; x_wconf 80' lang='lat'>4).</span> <span class='ocrx_word' id='word_1_63' title='bbox 1199 1489 1311 1556; x_wconf 85' lang='lat' dir='ltr'>Sic</span> <span class='ocrx_word' id='word_1_64' title='bbox 1357 1486 1646 1576; x_wconf 82' lang='lat' dir='ltr'>legimus</span> <span class='ocrx_word' id='word_1_65' title='bbox 1695 1490 1878 1577; x_wconf 89' lang='lat' dir='ltr'>apud</span> <span class='ocrx_word' id='word_1_66' title='bbox 1923 1489 2346 1575; x_wconf 83' lang='lat' dir='ltr'>Polyaenum</span> <span class='ocrx_word' id='word_1_67' title='bbox 2368 1490 2431 1554; x_wconf 83' lang='lat'>4.</span> <span class='ocrx_word' id='word_1_68' title='bbox 2458 1490 2519 1554; x_wconf 87' lang='grc'>2.</span> <span class='ocrx_word' id='word_1_69' title='bbox 2553 1489 2654 1555; x_wconf 88' lang='grc'>12.</span> 
     </span>
     <span class='ocr_line' id='line_1_10' title="bbox 310 1595 2656 1685; baseline -0.001 -23"><span class='ocrx_word' id='word_1_70' title='bbox 310 1597 711 1685; x_wconf 88' lang='lat' dir='ltr'>Philippum</span> <span class='ocrx_word' id='word_1_71' title='bbox 779 1599 1012 1663; x_wconf 91' lang='lat' dir='ltr'>decem</span> <span class='ocrx_word' id='word_1_72' title='bbox 1072 1598 1260 1662; x_wconf 91' lang='lat' dir='ltr'>milia</span> <span class='ocrx_word' id='word_1_73' title='bbox 1329 1597 1804 1663; x_wconf 79' lang='lat' dir='ltr'>Sarnusiorum</span> <span class='ocrx_word' id='word_1_74' title='bbox 1871 1595 1943 1660; x_wconf 90' lang='lat' dir='ltr'>in</span> <span class='ocrx_word' id='word_1_75' title='bbox 2012 1595 2482 1661; x_wconf 87' lang='lat' dir='ltr'>Macedoniam</span> <span class='ocrx_word' id='word_1_76' title='bbox 2519 1602 2656 1660; x_wconf 87' lang='lat' dir='ltr'>tra-</span> 
     </span>
     <span class='ocr_line' id='line_1_11' title="bbox 312 1701 2656 1788; baseline -0.001 -19"><span class='ocrx_word' id='word_1_77' title='bbox 312 1705 606 1788; x_wconf 85' lang='lat' dir='ltr'>duxisse,</span> <span class='ocrx_word' id='word_1_78' title='bbox 653 1705 892 1770; x_wconf 91' lang='lat' dir='ltr'>eodem</span> <span class='ocrx_word' id='word_1_79' title='bbox 938 1705 1140 1770; x_wconf 91' lang='lat' dir='ltr'>modo</span> <span class='ocrx_word' id='word_1_80' title='bbox 1166 1706 1538 1770; x_wconf 91' lang='lat' dir='ltr'>secundum</span> <span class='ocrx_word' id='word_1_81' title='bbox 1559 1702 2006 1768; x_wconf 71' lang='lat' dir='ltr'>Plutarchum</span> <span class='ocrx_word' id='word_1_82' title='bbox 2027 1701 2223 1767; x_wconf 84' lang='lat' dir='ltr'>Alex.</span> <span class='ocrx_word' id='word_1_83' title='bbox 2250 1705 2312 1767; x_wconf 88' lang='lat'>9.</span> <span class='ocrx_word' id='word_1_84' title='bbox 2360 1701 2656 1767; x_wconf 84' lang='lat' dir='ltr'>Alexan-</span> 
     </span>
     <span class='ocr_line' id='line_1_12' title="bbox 311 1810 2656 1898; baseline -0.001 -22"><span class='ocrx_word' id='word_1_85' title='bbox 311 1812 436 1877; x_wconf 88' lang='lat' dir='ltr'>der</span> <span class='ocrx_word' id='word_1_86' title='bbox 504 1833 682 1877; x_wconf 89' lang='lat' dir='ltr'>anno</span> <span class='ocrx_word' id='word_1_87' title='bbox 750 1812 880 1876; x_wconf 82' lang='lat'>340</span> <span class='ocrx_word' id='word_1_88' title='bbox 947 1811 1226 1877; x_wconf 86' lang='lat' dir='ltr'>Maedos</span> <span class='ocrx_word' id='word_1_89' title='bbox 1295 1811 1565 1877; x_wconf 88' lang='lat' dir='ltr'>sedibus</span> <span class='ocrx_word' id='word_1_90' title='bbox 1636 1813 1771 1876; x_wconf 89' lang='lat' dir='ltr'>suis</span> <span class='ocrx_word' id='word_1_91' title='bbox 1837 1810 2120 1898; x_wconf 86' lang='lat' dir='ltr'>pepulit,</span> <span class='ocrx_word' id='word_1_92' title='bbox 2184 1832 2383 1875; x_wconf 89' lang='lat' dir='ltr'>omne</span> <span class='ocrx_word' id='word_1_93' title='bbox 2441 1831 2656 1895; x_wconf 85' lang='lat' dir='ltr'>genus</span> 
     </span>
     <span class='ocr_line' id='line_1_13' title="bbox 310 1917 1716 2005; baseline 0 -24"><span class='ocrx_word' id='word_1_94' title='bbox 310 1919 665 1984; x_wconf 89' lang='lat' dir='ltr'>hominum</span> <span class='ocrx_word' id='word_1_95' title='bbox 713 1920 786 1983; x_wconf 92' lang='lat' dir='ltr'>in</span> <span class='ocrx_word' id='word_1_96' title='bbox 831 1940 1062 1984; x_wconf 87' lang='lat' dir='ltr'>eorum</span> <span class='ocrx_word' id='word_1_97' title='bbox 1111 1920 1288 2005; x_wconf 83' lang='lat' dir='ltr'>agris</span> <span class='ocrx_word' id='word_1_98' title='bbox 1338 1917 1716 1984; x_wconf 85' lang='lat' dir='ltr'>collocavit.</span> 
     </span>
    </p>

    <p class='ocr_par' dir='ltr' id='par_1_3' title="bbox 308 2023 2659 2648">
     <span class='ocr_line' id='line_1_14' title="bbox 400 2023 2656 2113; baseline -0.001 -22"><span class='ocrx_word' id='word_1_99' title='bbox 400 2027 514 2091; x_wconf 89' lang='lat' dir='ltr'>Ad</span> <span class='ocrx_word' id='word_1_100' title='bbox 563 2025 946 2112; x_wconf 85' lang='lat' dir='ltr'>analogiam</span> <span class='ocrx_word' id='word_1_101' title='bbox 988 2026 1260 2091; x_wconf 90' lang='lat' dir='ltr'>urbium</span> <span class='ocrx_word' id='word_1_102' title='bbox 1305 2031 1660 2113; x_wconf 89' lang='lat' dir='ltr'>captarum</span> <span class='ocrx_word' id='word_1_103' title='bbox 1719 2026 1790 2088; x_wconf 92' lang='lat' dir='ltr'>in</span> <span class='ocrx_word' id='word_1_104' title='bbox 1835 2025 2234 2090; x_wconf 86' lang='lat' dir='ltr'>Macedonia</span> <span class='ocrx_word' id='word_1_105' title='bbox 2280 2047 2347 2089; x_wconf 87' lang='lat' dir='ltr'>v.</span> <span class='ocrx_word' id='word_1_106' title='bbox 2389 2047 2444 2089; x_wconf 90' lang='lat' dir='ltr'>c.</span> <span class='ocrx_word' id='word_1_107' title='bbox 2492 2023 2656 2089; x_wconf 89' lang='lat' dir='ltr'>Am-</span> 
     </span>
     <span class='ocr_line' id='line_1_15' title="bbox 308 2131 2655 2221; baseline -0.001 -23"><span class='ocrx_word' id='word_1_108' title='bbox 308 2133 698 2221; x_wconf 84' lang='lat' dir='ltr'>phipolidis,</span> <span class='ocrx_word' id='word_1_109' title='bbox 750 2133 1229 2221; x_wconf 90' lang='lat' dir='ltr'>suspicandum</span> <span class='ocrx_word' id='word_1_110' title='bbox 1295 2139 1398 2198; x_wconf 90' lang='lat' dir='ltr'>est</span> <span class='ocrx_word' id='word_1_111' title='bbox 1466 2134 1672 2197; x_wconf 85' lang='lat' dir='ltr'>etiam</span> <span class='ocrx_word' id='word_1_112' title='bbox 1725 2155 1837 2196; x_wconf 89' lang='lat' dir='ltr'>eas</span> <span class='ocrx_word' id='word_1_113' title='bbox 1882 2131 2197 2197; x_wconf 89' lang='lat' dir='ltr'>libertate</span> <span class='ocrx_word' id='word_1_114' title='bbox 2242 2133 2541 2218; x_wconf 89' lang='lat' dir='ltr'>quadam</span> <span class='ocrx_word' id='word_1_115' title='bbox 2583 2132 2655 2195; x_wconf 91' lang='lat' dir='ltr'>in</span> 
     </span>
     <span class='ocr_line' id='line_1_16' title="bbox 308 2238 2659 2322; baseline -0.001 -17"><span class='ocrx_word' id='word_1_116' title='bbox 308 2240 512 2305; x_wconf 88' lang='lat' dir='ltr'>rebus</span> <span class='ocrx_word' id='word_1_117' title='bbox 553 2241 833 2305; x_wconf 89' lang='lat' dir='ltr'>internis</span> <span class='ocrx_word' id='word_1_118' title='bbox 875 2262 1031 2305; x_wconf 89' lang='lat' dir='ltr'>usas</span> <span class='ocrx_word' id='word_1_119' title='bbox 1080 2261 1244 2322; x_wconf 90' lang='lat' dir='ltr'>esse,</span> <span class='ocrx_word' id='word_1_120' title='bbox 1294 2261 1526 2304; x_wconf 86' lang='lat' dir='ltr'>earum</span> <span class='ocrx_word' id='word_1_121' title='bbox 1560 2240 2017 2304; x_wconf 90' lang='lat' dir='ltr'>conditionem</span> <span class='ocrx_word' id='word_1_122' title='bbox 2038 2238 2225 2304; x_wconf 89' lang='lat' dir='ltr'>haud</span> <span class='ocrx_word' id='word_1_123' title='bbox 2247 2240 2344 2303; x_wconf 86' lang='lat' dir='ltr'>ita</span> <span class='ocrx_word' id='word_1_124' title='bbox 2367 2238 2659 2302; x_wconf 77' lang='lat' dir='ltr'>mult-um</span> 
     </span>
     <span class='ocr_line' id='line_1_17' title="bbox 312 2346 2657 2434; baseline -0.001 -22"><span class='ocrx_word' id='word_1_125' title='bbox 312 2348 755 2434; x_wconf 89' lang='lat' dir='ltr'>discrepuisse</span> <span class='ocrx_word' id='word_1_126' title='bbox 822 2369 863 2411; x_wconf 87' lang='lat' dir='ltr'>a</span> <span class='ocrx_word' id='word_1_127' title='bbox 908 2353 1090 2411; x_wconf 90' lang='lat' dir='ltr'>statu</span> <span class='ocrx_word' id='word_1_128' title='bbox 1132 2346 1652 2434; x_wconf 87' lang='lat' dir='ltr'>Amphipolidis,</span> <span class='ocrx_word' id='word_1_129' title='bbox 1701 2352 2181 2433; x_wconf 72' lang='lat' dir='ltr'>praeterquam</span> <span class='ocrx_word' id='word_1_130' title='bbox 2228 2346 2409 2430; x_wconf 90' lang='lat' dir='ltr'>quod</span> <span class='ocrx_word' id='word_1_131' title='bbox 2464 2346 2657 2410; x_wconf 90' lang='lat' dir='ltr'>initio</span> 
     </span>
     <span class='ocr_line' id='line_1_18' title="bbox 308 2452 2655 2542; baseline -0.001 -23"><span class='ocrx_word' id='word_1_132' title='bbox 308 2453 696 2542; x_wconf 86' lang='lat' dir='ltr'>praefectus</span> <span class='ocrx_word' id='word_1_133' title='bbox 761 2454 1104 2541; x_wconf 87' lang='lat' dir='ltr'>praesidii,</span> <span class='ocrx_word' id='word_1_134' title='bbox 1168 2454 1238 2518; x_wconf 90' lang='lat' dir='ltr'>id</span> <span class='ocrx_word' id='word_1_135' title='bbox 1308 2456 1492 2518; x_wconf 92' lang='lat' dir='ltr'>enim</span> <span class='ocrx_word' id='word_1_136' title='bbox 1553 2455 1700 2518; x_wconf 91' lang='lat' dir='ltr'>sine</span> <span class='ocrx_word' id='word_1_137' title='bbox 1768 2453 1975 2519; x_wconf 89' lang='lat' dir='ltr'>dubio</span> <span class='ocrx_word' id='word_1_138' title='bbox 2043 2455 2117 2517; x_wconf 94' lang='lat' dir='ltr'>in</span> <span class='ocrx_word' id='word_1_139' title='bbox 2183 2452 2460 2518; x_wconf 87' lang='lat' dir='ltr'>urbibus</span> <span class='ocrx_word' id='word_1_140' title='bbox 2524 2452 2655 2516; x_wconf 90' lang='lat' dir='ltr'>illis</span> 
     </span>
     <span class='ocr_line' id='line_1_19' title="bbox 312 2539 1884 2648; baseline -0.001 -22"><span class='ocrx_word' id='word_1_141' title='bbox 312 2539 569 2644; x_wconf 77' lang='lat' dir='ltr'>aderat,</span> <span class='ocrx_word' id='word_1_142' title='bbox 622 2559 876 2646; x_wconf 87' lang='lat' dir='ltr'>majore</span> <span class='ocrx_word' id='word_1_143' title='bbox 921 2565 1261 2648; x_wconf 84' lang='lat' dir='ltr'>potestate</span> <span class='ocrx_word' id='word_1_144' title='bbox 1308 2560 1596 2625; x_wconf 90' lang='lat' dir='ltr'>donatus</span> <span class='ocrx_word' id='word_1_145' title='bbox 1643 2565 1788 2625; x_wconf 91' lang='lat' dir='ltr'>erat</span> <span class='ocrx_word' id='word_1_146' title='bbox 1812 2561 1884 2647; x_wconf 85' lang='grc'>5).</span> 
     </span>
    </p>

    <p class='ocr_par' dir='ltr' id='par_1_4' title="bbox 303 2665 2662 3717">
     <span class='ocr_line' id='line_1_20' title="bbox 403 2665 2657 2753; baseline 0 -21"><span class='ocrx_word' id='word_1_147' title='bbox 403 2667 949 2733; x_wconf 84' lang='lat' dir='ltr'>Consentaneum</span> <span class='ocrx_word' id='word_1_148' title='bbox 1018 2668 1196 2733; x_wconf 92' lang='lat' dir='ltr'>enim</span> <span class='ocrx_word' id='word_1_149' title='bbox 1242 2673 1343 2732; x_wconf 89' lang='lat' dir='ltr'>est</span> <span class='ocrx_word' id='word_1_150' title='bbox 1390 2666 1742 2752; x_wconf 86' lang='lat' dir='ltr'>conjicere,</span> <span class='ocrx_word' id='word_1_151' title='bbox 1812 2689 2229 2753; x_wconf 90' lang='lat' dir='ltr'>quamquam</span> <span class='ocrx_word' id='word_1_152' title='bbox 2274 2665 2463 2732; x_wconf 93' lang='lat' dir='ltr'>nullo</span> <span class='ocrx_word' id='word_1_153' title='bbox 2509 2665 2657 2732; x_wconf 93' lang='lat' dir='ltr'>loco</span> 
     </span>
     <span class='ocr_line' id='line_1_21' title="bbox 312 2773 2657 2862; baseline -0.001 -22"><span class='ocrx_word' id='word_1_154' title='bbox 312 2777 680 2861; x_wconf 85' lang='lat' dir='ltr'>quicquam</span> <span class='ocrx_word' id='word_1_155' title='bbox 749 2776 835 2840; x_wconf 91' lang='lat' dir='ltr'>de</span> <span class='ocrx_word' id='word_1_156' title='bbox 904 2775 1034 2840; x_wconf 89' lang='lat' dir='ltr'>hac</span> <span class='ocrx_word' id='word_1_157' title='bbox 1082 2798 1156 2840; x_wconf 89' lang='lat' dir='ltr'>re</span> <span class='ocrx_word' id='word_1_158' title='bbox 1201 2776 1493 2840; x_wconf 87' lang='lat' dir='ltr'>traditur</span> <span class='ocrx_word' id='word_1_159' title='bbox 1538 2773 1690 2839; x_wconf 84' lang='lat' dir='ltr'>illas</span> <span class='ocrx_word' id='word_1_160' title='bbox 1736 2775 1936 2840; x_wconf 89' lang='lat' dir='ltr'>urbes</span> <span class='ocrx_word' id='word_1_161' title='bbox 1962 2796 2182 2862; x_wconf 89' lang='lat' dir='ltr'>nuper</span> <span class='ocrx_word' id='word_1_162' title='bbox 2204 2774 2510 2839; x_wconf 81' lang='lat' dir='ltr'>conditas</span> <span class='ocrx_word' id='word_1_163' title='bbox 2533 2795 2657 2861; x_wconf 91' lang='lat' dir='ltr'>pro</span> 
     </span>
     <span class='ocr_line' id='line_1_22' title="bbox 309 2880 2657 2969; baseline 0 -23"><span class='ocrx_word' id='word_1_164' title='bbox 309 2882 766 2948; x_wconf 89' lang='lat' dir='ltr'>Macedonicis</span> <span class='ocrx_word' id='word_1_165' title='bbox 811 2882 1166 2947; x_wconf 87' lang='lat' dir='ltr'>habendas</span> <span class='ocrx_word' id='word_1_166' title='bbox 1215 2904 1379 2966; x_wconf 90' lang='lat' dir='ltr'>esse,</span> <span class='ocrx_word' id='word_1_167' title='bbox 1430 2882 1606 2968; x_wconf 90' lang='lat' dir='ltr'>quod</span> <span class='ocrx_word' id='word_1_168' title='bbox 1652 2903 1759 2946; x_wconf 87' lang='lat' dir='ltr'>res</span> <span class='ocrx_word' id='word_1_169' title='bbox 1807 2884 1955 2969; x_wconf 89' lang='lat' dir='ltr'>ipsa</span> <span class='ocrx_word' id='word_1_170' title='bbox 2000 2880 2170 2962; x_wconf 84' lang='lat' dir='ltr'>fert3</span> <span class='ocrx_word' id='word_1_171' title='bbox 2222 2903 2452 2946; x_wconf 90' lang='lat' dir='ltr'>earum</span> <span class='ocrx_word' id='word_1_172' title='bbox 2477 2884 2657 2946; x_wconf 88' lang='lat' dir='ltr'>cives</span> 
     </span>
     <span class='ocr_line' id='line_1_23' title="bbox 313 2987 2659 3075; baseline 0 -22"><span class='ocrx_word' id='word_1_173' title='bbox 313 2989 602 3055; x_wconf 91' lang='lat' dir='ltr'>donatos</span> <span class='ocrx_word' id='word_1_174' title='bbox 652 3011 794 3054; x_wconf 90' lang='lat' dir='ltr'>esse</span> <span class='ocrx_word' id='word_1_175' title='bbox 830 2988 985 3075; x_wconf 88' lang='lat' dir='ltr'>jure</span> <span class='ocrx_word' id='word_1_176' title='bbox 1030 2991 1321 3055; x_wconf 80' lang='lat' dir='ltr'>civitatis</span> <span class='ocrx_word' id='word_1_177' title='bbox 1367 2990 1825 3073; x_wconf 89' lang='lat' dir='ltr'>Macedonico,</span> <span class='ocrx_word' id='word_1_178' title='bbox 1877 3011 2009 3074; x_wconf 92' lang='lat' dir='ltr'>quo</span> <span class='ocrx_word' id='word_1_179' title='bbox 2030 2987 2227 3054; x_wconf 88' lang='lat' dir='ltr'>fieret</span> <span class='ocrx_word' id='word_1_180' title='bbox 2249 2995 2327 3054; x_wconf 85' lang='lat' dir='ltr'>ut</span> <span class='ocrx_word' id='word_1_181' title='bbox 2348 2989 2659 3054; x_wconf 88' lang='lat' dir='ltr'>omnibus</span> 
     </span>
     <span class='ocr_line' id='line_1_24' title="bbox 303 3095 2659 3184; baseline 0 -23"><span class='ocrx_word' id='word_1_182' title='bbox 303 3095 574 3183; x_wconf 87' lang='lat' dir='ltr'>juribus</span> <span class='ocrx_word' id='word_1_183' title='bbox 599 3095 735 3161; x_wconf 87' lang='lat' dir='ltr'>frui</span> <span class='ocrx_word' id='word_1_184' title='bbox 756 3103 1035 3184; x_wconf 89' lang='lat' dir='ltr'>possent</span> <span class='ocrx_word' id='word_1_185' title='bbox 1055 3096 1301 3182; x_wconf 90' lang='lat' dir='ltr'>quibus</span> <span class='ocrx_word' id='word_1_186' title='bbox 1325 3098 1455 3184; x_wconf 92' lang='lat' dir='ltr'>ipsi</span> <span class='ocrx_word' id='word_1_187' title='bbox 1479 3097 1885 3162; x_wconf 91' lang='lat' dir='ltr'>Macedones</span> <span class='ocrx_word' id='word_1_188' title='bbox 1905 3120 1920 3180; x_wconf 81' lang='lat'><em>3</em></span> <span class='ocrx_word' id='word_1_189' title='bbox 1946 3097 2403 3163; x_wconf 88' lang='lat' dir='ltr'>conditionem</span> <span class='ocrx_word' id='word_1_190' title='bbox 2427 3118 2659 3161; x_wconf 90' lang='lat' dir='ltr'>earum</span> 
     </span>
     <span class='ocr_line' id='line_1_25' title="bbox 311 3203 2659 3291; baseline 0 -23"><span class='ocrx_word' id='word_1_191' title='bbox 311 3205 497 3290; x_wconf 88' lang='lat' dir='ltr'>quod</span> <span class='ocrx_word' id='word_1_192' title='bbox 524 3206 769 3269; x_wconf 89' lang='lat' dir='ltr'>attinet</span> <span class='ocrx_word' id='word_1_193' title='bbox 815 3205 899 3269; x_wconf 90' lang='lat' dir='ltr'>ad</span> <span class='ocrx_word' id='word_1_194' title='bbox 946 3226 1236 3290; x_wconf 85' lang='lat' dir='ltr'>regnum</span> <span class='ocrx_word' id='word_1_195' title='bbox 1280 3203 1814 3287; x_wconf 89' lang='lat' dir='ltr'>Macedonicum,</span> <span class='ocrx_word' id='word_1_196' title='bbox 1867 3203 1951 3268; x_wconf 89' lang='lat' dir='ltr'>ab</span> <span class='ocrx_word' id='word_1_197' title='bbox 2000 3204 2183 3268; x_wconf 91' lang='lat' dir='ltr'>omni</span> <span class='ocrx_word' id='word_1_198' title='bbox 2205 3210 2401 3291; x_wconf 90' lang='lat' dir='ltr'>parte</span> <span class='ocrx_word' id='word_1_199' title='bbox 2424 3224 2659 3290; x_wconf 91' lang='lat' dir='ltr'>parem</span> 
     </span>
     <span class='ocr_line' id='line_1_26' title="bbox 310 3310 2662 3398; baseline -0.001 -22"><span class='ocrx_word' id='word_1_200' title='bbox 310 3310 521 3376; x_wconf 85' lang='lat' dir='ltr'>fuisse</span> <span class='ocrx_word' id='word_1_201' title='bbox 563 3313 810 3377; x_wconf 87' lang='lat' dir='ltr'>rationi</span> <span class='ocrx_word' id='word_1_202' title='bbox 875 3333 1049 3397; x_wconf 89' lang='lat' dir='ltr'>quae</span> <span class='ocrx_word' id='word_1_203' title='bbox 1095 3310 1566 3375; x_wconf 87' lang='lat' dir='ltr'>intercedebat</span> <span class='ocrx_word' id='word_1_204' title='bbox 1624 3312 1804 3375; x_wconf 91' lang='lat' dir='ltr'>inter</span> <span class='ocrx_word' id='word_1_205' title='bbox 1837 3332 2127 3398; x_wconf 86' lang='lat' dir='ltr'>regnum</span> <span class='ocrx_word' id='word_1_206' title='bbox 2162 3311 2551 3376; x_wconf 84' lang='lat' dir='ltr'>Romanum</span> <span class='ocrx_word' id='word_1_207' title='bbox 2592 3316 2662 3374; x_wconf 88' lang='lat' dir='ltr'>et</span> 
     </span>
     <span class='ocr_line' id='line_1_27' title="bbox 308 3415 2658 3505; baseline -0 -23"><span class='ocrx_word' id='word_1_208' title='bbox 308 3420 680 3505; x_wconf 88' lang='lat' dir='ltr'>municipia</span> <span class='ocrx_word' id='word_1_209' title='bbox 763 3419 1014 3484; x_wconf 87' lang='lat' dir='ltr'>civium</span> <span class='ocrx_word' id='word_1_210' title='bbox 1097 3418 1564 3482; x_wconf 83' lang='lat' dir='ltr'>Romanorum</span> <span class='ocrx_word' id='word_1_211' title='bbox 1637 3441 1678 3483; x_wconf 90' lang='lat' dir='ltr'>a</span> <span class='ocrx_word' id='word_1_212' title='bbox 1748 3415 2147 3484; x_wconf 86' lang='lat' dir='ltr'>Caesaribus</span> <span class='ocrx_word' id='word_1_213' title='bbox 2230 3424 2423 3482; x_wconf 89' lang='lat' dir='ltr'>extra</span> <span class='ocrx_word' id='word_1_214' title='bbox 2488 3417 2658 3482; x_wconf 89' lang='lat' dir='ltr'>fines</span> 
     </span>
     <span class='ocr_line' id='line_1_28' title="bbox 309 3525 2659 3611; baseline -0.001 -22"><span class='ocrx_word' id='word_1_215' title='bbox 309 3525 657 3589; x_wconf 84' lang='lat' dir='ltr'>Romanos</span> <span class='ocrx_word' id='word_1_216' title='bbox 704 3525 993 3591; x_wconf 87' lang='lat' dir='ltr'>condita.</span> <span class='ocrx_word' id='word_1_217' title='bbox 1085 3525 1281 3589; x_wconf 82' lang='lat' dir='ltr'>Cives</span> <span class='ocrx_word' id='word_1_218' title='bbox 1330 3525 1511 3589; x_wconf 85' lang='lat' dir='ltr'>enim</span> <span class='ocrx_word' id='word_1_219' title='bbox 1548 3546 1782 3590; x_wconf 89' lang='lat' dir='ltr'>eorum</span> <span class='ocrx_word' id='word_1_220' title='bbox 1828 3526 2344 3611; x_wconf 84' lang='lat' dir='ltr'>municipiorum</span> <span class='ocrx_word' id='word_1_221' title='bbox 2382 3525 2659 3590; x_wconf 88' lang='lat' dir='ltr'>civitate</span> 
     </span>
     <span class='ocr_line' id='line_1_29' title="bbox 309 3629 2657 3717; baseline 0 -21"><span class='ocrx_word' id='word_1_222' title='bbox 309 3632 626 3697; x_wconf 84' lang='lat' dir='ltr'>Romana</span> <span class='ocrx_word' id='word_1_223' title='bbox 673 3632 926 3715; x_wconf 88' lang='lat' dir='ltr'>donati,</span> <span class='ocrx_word' id='word_1_224' title='bbox 970 3632 1342 3696; x_wconf 91' lang='lat' dir='ltr'>secundum</span> <span class='ocrx_word' id='word_1_225' title='bbox 1384 3632 1495 3716; x_wconf 86' lang='lat' dir='ltr'>jus</span> <span class='ocrx_word' id='word_1_226' title='bbox 1533 3631 1853 3697; x_wconf 90' lang='lat' dir='ltr'>Italicum</span> <span class='ocrx_word' id='word_1_227' title='bbox 1897 3632 2134 3697; x_wconf 90' lang='lat' dir='ltr'>iisdem</span> <span class='ocrx_word' id='word_1_228' title='bbox 2175 3631 2440 3717; x_wconf 89' lang='lat' dir='ltr'>juribus</span> <span class='ocrx_word' id='word_1_229' title='bbox 2478 3629 2657 3696; x_wconf 86' lang='lat' dir='ltr'>frue-</span> 
     </span>
    </p>
   </div>
   <div class='ocr_carea' id='block_1_3' title="bbox 313 3796 739 3805">
    <p class='ocr_par' dir='ltr' id='par_1_5' title="bbox 313 3796 739 3805">
     <span class='ocr_line' id='line_1_30' title="bbox 313 3796 739 3805; baseline 0 1545"><span class='ocrx_word' id='word_1_230' title='bbox 313 3796 739 3805; x_wconf 95' lang='lat' dir='ltr'> </span> 
     </span>
    </p>
   </div>
   <div class='ocr_carea' id='block_1_4' title="bbox 316 3881 2663 4400">
    <p class='ocr_par' dir='ltr' id='par_1_6' title="bbox 364 3881 1753 3953">
     <span class='ocr_line' id='line_1_31' title="bbox 364 3881 1753 3953; baseline 0 -17"><span class='ocrx_word' id='word_1_231' title='bbox 364 3881 412 3951; x_wconf 82' lang='lat'>1)</span> <span class='ocrx_word' id='word_1_232' title='bbox 451 3882 642 3951; x_wconf 72' lang='lat' dir='ltr'>Steph.</span> <span class='ocrx_word' id='word_1_233' title='bbox 681 3883 811 3951; x_wconf 87' lang='lat' dir='ltr'><strong>Byz.</strong></span> <span class='ocrx_word' id='word_1_234' title='bbox 850 3884 1220 3939; x_wconf 70' lang='grc' dir='ltr'>Φιλιππόπολις.</span> <span class='ocrx_word' id='word_1_235' title='bbox 1257 3883 1450 3953; x_wconf 85' lang='lat' dir='ltr'>Polyb.</span> <span class='ocrx_word' id='word_1_236' title='bbox 1488 3884 1573 3937; x_wconf 78' lang='grc'>23.</span> <span class='ocrx_word' id='word_1_237' title='bbox 1613 3882 1664 3936; x_wconf 86' lang='grc'>8.</span> <span class='ocrx_word' id='word_1_238' title='bbox 1703 3883 1753 3936; x_wconf 85' lang='grc'>5.</span> 
     </span>
    </p>

    <p class='ocr_par' dir='ltr' id='par_1_7' title="bbox 364 3970 2065 4041">
     <span class='ocr_line' id='line_1_32' title="bbox 364 3970 2065 4041; baseline 0 -18"><span class='ocrx_word' id='word_1_239' title='bbox 364 3971 414 4036; x_wconf 84' lang='grc'>2)</span> <span class='ocrx_word' id='word_1_240' title='bbox 451 3972 736 4025; x_wconf 86' lang='lat' dir='ltr'>Demosth.</span> <span class='ocrx_word' id='word_1_241' title='bbox 780 3970 899 4024; x_wconf 87' lang='grc'>100.</span> <span class='ocrx_word' id='word_1_242' title='bbox 937 3972 1022 4024; x_wconf 89' lang='grc'>22.</span> <span class='ocrx_word' id='word_1_243' title='bbox 1062 3972 1402 4041; x_wconf 85' lang='lat' dir='ltr'>Theopomp.</span> <span class='ocrx_word' id='word_1_244' title='bbox 1439 3972 1504 4025; x_wconf 85' lang='lat' dir='ltr'>fr.</span> <span class='ocrx_word' id='word_1_245' title='bbox 1545 3972 1662 4025; x_wconf 83' lang='lat'><strong>246.</strong></span> <span class='ocrx_word' id='word_1_246' title='bbox 1707 3972 1907 4027; x_wconf 87' lang='lat' dir='ltr'>Strabo</span> <span class='ocrx_word' id='word_1_247' title='bbox 1945 3972 2065 4026; x_wconf 85' lang='lat'><strong>320.</strong></span> 
     </span>
    </p>

    <p class='ocr_par' dir='ltr' id='par_1_8' title="bbox 364 4045 2250 4130">
     <span class='ocr_line' id='line_1_33' title="bbox 364 4045 2250 4130; baseline 0 -18"><span class='ocrx_word' id='word_1_248' title='bbox 364 4058 415 4127; x_wconf 78' lang='grc'>3)</span> <span class='ocrx_word' id='word_1_249' title='bbox 452 4060 520 4113; x_wconf 74' lang='lat' dir='ltr'>of.</span> <span class='ocrx_word' id='word_1_250' title='bbox 557 4060 743 4124; x_wconf 76' lang='lat' dir='ltr'>Kahn,</span> <span class='ocrx_word' id='word_1_251' title='bbox 780 4059 901 4113; x_wconf 86' lang='lat'><strong>313.</strong></span> <span class='ocrx_word' id='word_1_252' title='bbox 944 4045 1204 4115; x_wconf 61' lang='lat' dir='ltr'>Sohdefer</span> <span class='ocrx_word' id='word_1_253' title='bbox 1244 4061 1294 4114; x_wconf 86' lang='lat'>2.</span> <span class='ocrx_word' id='word_1_254' title='bbox 1332 4059 1452 4114; x_wconf 86' lang='lat'><strong>448.</strong></span> <span class='ocrx_word' id='word_1_255' title='bbox 1491 4061 1676 4115; x_wconf 80' lang='lat' dir='ltr'>nolm.</span> <span class='ocrx_word' id='word_1_256' title='bbox 1717 4061 1766 4115; x_wconf 87' lang='lat'>3.</span> <span class='ocrx_word' id='word_1_257' title='bbox 1799 4079 1857 4130; x_wconf 81' lang='lat' dir='ltr'>p.</span> <span class='ocrx_word' id='word_1_258' title='bbox 1895 4061 2000 4114; x_wconf 83' lang='lat'>312</span> <span class='ocrx_word' id='word_1_259' title='bbox 2039 4079 2162 4115; x_wconf 81' lang='lat' dir='ltr'>ann.</span> <span class='ocrx_word' id='word_1_260' title='bbox 2202 4062 2250 4113; x_wconf 84' lang='lat'>7.</span> 
     </span>
    </p>

    <p class='ocr_par' dir='ltr' id='par_1_9' title="bbox 316 4147 2663 4400">
     <span class='ocr_line' id='line_1_34' title="bbox 365 4147 2661 4220; baseline 0.002 -17"><span class='ocrx_word' id='word_1_261' title='bbox 365 4147 413 4215; x_wconf 86' lang='lat'>4)</span> <span class='ocrx_word' id='word_1_262' title='bbox 471 4149 655 4203; x_wconf 87' lang='lat' dir='ltr'>Justin</span> <span class='ocrx_word' id='word_1_263' title='bbox 709 4149 762 4203; x_wconf 92' lang='lat'>8.</span> <span class='ocrx_word' id='word_1_264' title='bbox 797 4149 848 4202; x_wconf 87' lang='lat'>6.</span> <span class='ocrx_word' id='word_1_265' title='bbox 926 4149 1104 4218; x_wconf 86' lang='lat' dir='ltr'>„Alios</span> <span class='ocrx_word' id='word_1_266' title='bbox 1158 4150 1397 4219; x_wconf 88' lang='lat' dir='ltr'>populos</span> <span class='ocrx_word' id='word_1_267' title='bbox 1434 4150 1492 4203; x_wconf 90' lang='lat' dir='ltr'>in</span> <span class='ocrx_word' id='word_1_268' title='bbox 1528 4150 1730 4204; x_wconf 88' lang='lat' dir='ltr'>finibus</span> <span class='ocrx_word' id='word_1_269' title='bbox 1766 4151 1898 4219; x_wconf 88' lang='lat' dir='ltr'>ipsis</span> <span class='ocrx_word' id='word_1_270' title='bbox 1933 4152 2187 4205; x_wconf 86' lang='lat' dir='ltr'>hostibus</span> <span class='ocrx_word' id='word_1_271' title='bbox 2225 4151 2484 4220; x_wconf 81' lang='lat' dir='ltr'>opponit3</span> <span class='ocrx_word' id='word_1_272' title='bbox 2524 4152 2661 4207; x_wconf 86' lang='lat' dir='ltr'>alios</span> 
     </span>
     <span class='ocr_line' id='line_1_35' title="bbox 316 4238 2663 4310; baseline 0.001 -19"><span class='ocrx_word' id='word_1_273' title='bbox 316 4238 402 4307; x_wconf 88' lang='lat' dir='ltr'>„in</span> <span class='ocrx_word' id='word_1_274' title='bbox 477 4239 740 4292; x_wconf 83' lang='lat' dir='ltr'>extremis</span> <span class='ocrx_word' id='word_1_275' title='bbox 808 4239 1021 4302; x_wconf 79' lang='lat' dir='ltr'>statuit,</span> <span class='ocrx_word' id='word_1_276' title='bbox 1093 4239 1365 4307; x_wconf 86' lang='lat' dir='ltr'>quosdam</span> <span class='ocrx_word' id='word_1_277' title='bbox 1422 4240 1567 4294; x_wconf 90' lang='lat' dir='ltr'>bello</span> <span class='ocrx_word' id='word_1_278' title='bbox 1627 4242 1822 4309; x_wconf 87' lang='lat' dir='ltr'>captos</span> <span class='ocrx_word' id='word_1_279' title='bbox 1875 4240 1931 4293; x_wconf 91' lang='lat' dir='ltr'>in</span> <span class='ocrx_word' id='word_1_280' title='bbox 1987 4240 2385 4310; x_wconf 88' lang='lat' dir='ltr'>supplementis</span> <span class='ocrx_word' id='word_1_281' title='bbox 2439 4241 2663 4295; x_wconf 89' lang='lat' dir='ltr'>urbium</span> 
     </span>
     <span class='ocr_line' id='line_1_36' title="bbox 318 4327 2661 4400; baseline 0.002 -20"><span class='ocrx_word' id='word_1_282' title='bbox 318 4327 557 4396; x_wconf 61' lang='lat' dir='ltr'>„dividit</span> <span class='ocrx_word' id='word_1_283' title='bbox 614 4328 796 4395; x_wconf 89' lang='lat' dir='ltr'>Atque</span> <span class='ocrx_word' id='word_1_284' title='bbox 848 4328 929 4381; x_wconf 86' lang='lat' dir='ltr'>ita</span> <span class='ocrx_word' id='word_1_285' title='bbox 984 4346 1053 4382; x_wconf 88' lang='lat' dir='ltr'>ex</span> <span class='ocrx_word' id='word_1_286' title='bbox 1118 4329 1309 4382; x_wconf 82' lang='lat' dir='ltr'>multis</span> <span class='ocrx_word' id='word_1_287' title='bbox 1386 4329 1658 4398; x_wconf 84' lang='lat' dir='ltr'>gentibus,</span> <span class='ocrx_word' id='word_1_288' title='bbox 1715 4329 2143 4396; x_wconf 87' lang='lat' dir='ltr'>nationibusque</span> <span class='ocrx_word' id='word_1_289' title='bbox 2195 4347 2373 4384; x_wconf 90' lang='lat' dir='ltr'>unum</span> <span class='ocrx_word' id='word_1_290' title='bbox 2428 4348 2661 4400; x_wconf 84' lang='lat' dir='ltr'>regnum</span> 
     </span>
    </p>
   </div>
   <div class='ocr_carea' id='block_1_5' title="bbox 320 4416 1110 4571">
    <p class='ocr_par' dir='ltr' id='par_1_10' title="bbox 320 4416 1110 4571">
     <span class='ocr_line' id='line_1_37' title="bbox 320 4416 1110 4485; baseline 0.001 -15"><span class='ocrx_word' id='word_1_291' title='bbox 320 4416 736 4485; x_wconf 84' lang='lat' dir='ltr'>„populumque</span> <span class='ocrx_word' id='word_1_292' title='bbox 773 4418 1060 4471; x_wconf 84' lang='lat' dir='ltr'>constituit</span> <span class='ocrx_word' id='word_1_293' title='bbox 1080 4416 1110 4442; x_wconf 97' lang='lat'>&#39;&#39;</span> 
     </span>
     <span class='ocr_line' id='line_1_38' title="bbox 364 4504 1062 4571; baseline 0 -14"><span class='ocrx_word' id='word_1_294' title='bbox 364 4504 411 4571; x_wconf 89' lang='lat'>5)</span> <span class='ocrx_word' id='word_1_295' title='bbox 450 4506 516 4558; x_wconf 83' lang='lat' dir='ltr'>cf.</span> <span class='ocrx_word' id='word_1_296' title='bbox 558 4505 817 4560; x_wconf 86' lang='lat' dir='ltr'>Schaefer</span> <span class='ocrx_word' id='word_1_297' title='bbox 853 4507 902 4560; x_wconf 87' lang='lat'>3.</span> <span class='ocrx_word' id='word_1_298' title='bbox 943 4506 1062 4560; x_wconf 87' lang='lat'><strong>103.</strong></span> 
     </span>
    </p>
   </div>
  </div>
 </body>
</html>
