3338 5350
1564 511 1650 575 35

431 711 502 769 et
552 706 1046 790 Dardanorum,
1109 728 1245 772 non
1313 708 1443 771 nisi
1515 707 1852 772 acerrimis
1919 708 2191 795 proeliis
2262 709 2529 775 devicta
2574 716 2779 795 gente

430 811 574 896 illa,
632 814 754 877 sibi
802 815 988 878 viam
1033 816 1315 901 aperuit,
1381 820 1452 879 et
1496 815 1778 879 tandem
1823 817 2086 880 saucius
2132 837 2255 903 per
2301 817 2553 882 vallem
2618 816 2774 882 Axii

432 920 732 985 fluminis
777 921 848 985 in
894 921 1365 986 Macedoniam
1409 923 1725 1009 pervenit
1753 922 1821 1006 1).

525 1027 874 1092 Postrema
923 1033 1150 1092 autem
1217 1028 1554 1114 expeditio
1600 1029 1672 1092 in
1735 1026 2282 1116 Septentrionem
2327 1037 2562 1096 contra
2607 1031 2779 1095 Dar-

436 1135 649 1200 danos
696 1141 765 1198 et
807 1156 1037 1220 regem
1088 1156 1319 1200 eorum
1365 1134 1687 1199 Pleurian
1756 1142 1832 1200 ut
1890 1135 2197 1222 Droysen
2266 1139 2323 1201 1.
2358 1143 2412 1201 l.
2444 1137 2569 1201 115
2619 1160 2774 1202 ann.

438 1243 475 1304 1
527 1242 920 1328 suspicatur,
993 1263 1172 1306 anno
1241 1242 1370 1306 337
1443 1242 1527 1307 ab
1575 1242 1967 1307 Alexandro
2032 1244 2323 1330 incepta,
2373 1266 2414 1307 a
2458 1243 2777 1332 Philippo

431 1349 826 1413 continuata
852 1349 927 1434 2),
975 1348 1339 1414 admodum
1376 1370 1702 1436 prospera
1742 1348 1872 1414 fuit
1907 1349 2411 1415 Macedonibus,
2475 1351 2777 1416 Pleurias

436 1456 619 1519 enim
665 1457 806 1519 acie
868 1454 1266 1542 profligatus
1335 1462 1604 1520 coactus
1676 1463 1779 1519 est
1835 1478 2076 1543 pacem
2135 1455 2359 1521 facere
2420 1478 2576 1521 cum
2620 1457 2777 1521 Phi-

433 1561 646 1649 lippo,
675 1562 1080 1647 quibusnam
1121 1568 1347 1627 autem
1386 1562 1883 1628 conditionibus
1909 1586 2243 1650 nusquam
2277 1570 2579 1651 apparet.
2628 1564 2777 1629 Hac

430 1690 508 1732 re
557 1669 913 1734 dumtaxat
933 1691 1055 1734 nos
1075 1675 1426 1735 contentos
1453 1692 1596 1733 esse
1620 1676 1908 1756 oportet,
1951 1670 2130 1757 quod
2173 1670 2503 1757 conjicere
2542 1692 2775 1758 possu-

432 1797 582 1840 mus
623 1776 827 1841 eloco
853 1777 1120 1841 Arriani
1150 1799 1260 1842 eos
1284 1778 1748 1864 principatum
1769 1775 2070 1864 Philippi
2096 1780 2473 1863 agnovisse,
2501 1777 2776 1843 foedere

428 1884 576 1966 regi
624 1882 1018 1968 conjunctos
1067 1906 1226 1966 esse,
1276 1883 1746 1949 verosimiliter
1792 1885 2051 1948 tributa
2074 1884 2307 1949 tulisse
2334 1883 2401 1968 ³).
2445 1883 2774 1950 Arrianus

428 1992 612 2054 enim
661 1991 718 2054 1.
748 1991 805 2054 1.
833 1991 876 2054 4
912 1996 1395 2056 commemorat
1432 1990 1701 2076 Illyrios
1728 1996 1793 2055 et
1820 1990 2154 2056 Triballos
2182 1993 2411 2056 statim
2432 1999 2588 2079 post
2612 1992 2775 2057 Phi-

425 2098 601 2184 lippi
639 2104 924 2162 mortem
963 2120 1176 2162 novas
1213 2119 1317 2162 res
1356 2097 1624 2162 molitos
1668 2119 1830 2179 esse,
1882 2097 1967 2162 ab
2009 2097 2399 2164 Alexandro
2426 2083 2771 2181 defecisse,

426 2205 594 2269 satis
640 2204 866 2269 indicii
912 2226 1024 2270 eos
1074 2204 1300 2289 aliquo
1347 2205 1550 2270 modo
1597 2205 2079 2270 Macedonibus
2109 2205 2442 2291 subjectos
2467 2205 2671 2271 fuisse
2700 2205 2770 2292 4).

1113 2595 1153 2672 ξ
1222 2589 1288 2658 9.
1337 2589 1689 2671 Ambracia,
1738 2588 2107 2658 Acarnania.

520 2791 896 2875 Postquam
987 2788 1342 2876 Philippus
1414 2809 1593 2853 anno
1655 2789 1792 2852 342
1846 2787 2203 2875 Arybbam
2268 2810 2501 2873 regem
2563 2789 2771 2876 Epiro

422 2899 715 2985 pepulit,
781 2896 1384 2982 Alexandrumque
1448 2894 1728 2960 affinem
1790 2918 1989 2961 suum
2034 2898 2104 2959 in
2149 2895 2312 2961 solio
2357 2896 2535 2981 regis
2581 2896 2772 2983 Epiri

424 3003 879 3086 confirmavit,
959 3003 1465 3089 expeditionem
1532 3004 1603 3067 in
1672 3002 2111 3068 Ambraciam
2179 3009 2250 3067 et
2317 3004 2774 3068 Acarnaniam

425 3111 611 3192 fecit,
698 3110 944 3195 quibus
1025 3117 1252 3174 autem
1333 3111 1783 3174 Athenienses
1853 3131 2052 3197 opem
2141 3109 2447 3175 tulerunt
2472 3109 2542 3192 5).
2628 3108 2695 3173 N
2697 3129 2772 3174 ec

423 3226 661 3282 tamen
704 3223 900 3304 patet
948 3237 1179 3300 regem
1224 3223 1388 3281 tunc
1430 3218 1792 3302 quicquam
1818 3223 2197 3281 assecutum
2222 3239 2382 3281 esse.
2431 3216 2568 3282 Sed
2592 3238 2769 3280 anno

425 3326 561 3389 338
605 3331 762 3411 post
804 3345 1110 3411 pugnam
1157 3324 1339 3409 apud
1388 3322 1848 3388 Chaeroneam
1894 3322 2251 3410 Philippus
2291 3325 2362 3386 in
2383 3322 2769 3406 regionibus

423 3427 699 3518 quoqu'e
744 3429 1271 3495 occidentalibus
1319 3430 1641 3495 Graeciae
1679 3451 1785 3493 res
1816 3429 1903 3493 ad
1936 3452 2056 3495 sua
2079 3428 2433 3494 commoda
2455 3429 2767 3493 mutavit.

516 3537 776 3603 Aetolis
840 3539 955 3623 qui
1000 3538 1071 3600 in
1116 3536 1293 3602 bello
1339 3558 1520 3601 nunc
1564 3536 1758 3601 finito
1804 3535 2285 3601 Macedonibus
2326 3557 2524 3623 opem
2581 3556 2769 3622 prae·

425 3647 677 3727 stitere,
722 3667 843 3708 rex
888 3645 1320 3730 Naupactum
1362 3643 1600 3707 urbem
1629 3649 1981 3728 tamquam
2017 3643 2396 3728 praemium
2433 3640 2558 3705 lati
2581 3642 2769 3705 auxi-

480 3860 527 3924 1)
566 3858 716 3913 Orat.
756 3860 865 3913 Att.
904 3859 957 3912 II
994 3858 1113 3911 526.
1152 3858 1252 3913 vit.
1296 3856 1451 3912 Dem.
1502 3855 1884 3918 κατεστρέψατο
1932 3855 2019 3905 καὶ
2052 3854 2368 3918 Τριβαλλούς.
2406 3858 2603 3912 Justin.
2626 3859 2673 3911 9.
2713 3858 2765 3911 3.

427 3948 689 4005 Schaefer
724 3948 773 4001 2.
816 3947 935 4001 521.

480 4037 531 4103 2)
569 4036 793 4092 Curtius
828 4038 877 4090 6.
917 4038 966 4092 3.
1003 4039 1066 4106 23
1103 4036 1152 4092 8.
1195 4038 1243 4090 1.
1282 4037 1366 4089 25.
1405 4036 1563 4090 Diod.
1604 4035 1686 4089 16.
1727 4034 1810 4088 93.
1850 4035 1899 4088 6.

478 4125 526 4190 3)
567 4127 767 4182 Strabo
806 4126 909 4180 315
945 4127 977 4179 i.
1016 4127 1051 4179 f.

478 4214 527 4281 4)
567 4216 766 4270 Strabo
821 4215 941 4269 316.
999 4213 1315 4277 Αὐταριᾶται
1373 4213 1460 4263 καὶ
1512 4212 1751 4276 Ἀρδιαῖοι
1808 4212 1895 4262 καῖ
1947 4211 2202 4275 Δαρδάνιοι
2241 4213 2329 4263 καῖ
2363 4216 2645 4276 Τριβαλλοί,
2681 4213 2767 4263 ὁπ’

426 4303 648 4362 ἀλλήλων
686 4305 772 4367 μὲν
809 4302 860 4365 ἐξ
895 4304 1069 4367 ἀρχῆς,
1109 4304 1299 4365 ὕστερον
1337 4301 1389 4352 δὲ
1428 4302 1519 4354 ὑπὸ
1558 4301 1842 4355 Μακεδόνων
1863 4346 1877 4357 .
1906 4346 1915 4356 .
1942 4342 1952 4353 .
1976 4300 2386 4365 ἐκπολεμοῦμενοι.

478 4394 528 4458 5)
567 4394 845 4450 Demosth.
886 4393 1038 4447 1173.
1080 4392 1164 4446 28.
1203 4389 1467 4451 ἐπείσθητε
1504 4391 1599 4443 ὑπὸ
1637 4399 1732 4443 τῶν
1771 4393 1966 4455 ῥητόρων
2000 4392 2068 4449 εἷς
2088 4393 2410 4455 Ἀκαρνανίαν
2451 4392 2767 4456 στρατιώτας

432 4479 706 4545 ἐκπέμπειν.
738 4482 1018 4537 Demosth.
1057 4482 1141 4535 84.
1182 4481 1267 4536 21.
1308 4481 1570 4537 Sohaefer
1609 4484 1657 4536 2.
1698 4483 1816 4536 427.
