3338 5350
1740 530 1825 594 76

611 730 898 789 mortem
965 724 1217 790 scilicet
1282 725 1565 810 perinde
1606 724 1743 789 fuit
1787 732 2121 812 quantum
2169 726 2253 790 ad
2299 725 2433 810 jus·
2455 726 2784 812 pertinet3
2833 729 2951 792 sed

613 831 795 916 quod
863 838 1329 918 procuratores
1383 832 1652 919 imperii
1714 833 1932 917 magis
2001 833 2353 918 magisque
2421 833 2714 920 impares
2761 842 2956 898 erant

611 937 1004 1004 sustinendo
1042 940 1325 1021 muneri,
1373 940 1543 1004 adeo
1589 946 1665 1003 ut
1717 939 1787 1003 in
1833 939 2126 1004 nonullis
2165 938 2538 1027 provinciis
2567 937 2954 1026 (Aegyptus

612 1067 677 1109 v.
707 1066 762 1108 c.
788 1043 876 1110 cf.
900 1067 967 1132 p.
998 1045 1130 1127 95.)
1177 1045 1323 1130 jam
1370 1046 1504 1111 cito
1550 1067 1822 1132 prorsus
1845 1045 2197 1128 interierit,
2227 1066 2437 1110 unum
2463 1067 2547 1111 ex
2569 1046 2954 1133 praecipuis

609 1150 876 1216 indiciis
916 1151 1051 1216 fuit
1093 1153 1454 1239 imperium
1494 1152 1897 1219 dissolutum
1942 1153 2044 1217 iri.

694 1258 883 1323 Libri
930 1266 998 1324 et
1042 1260 1303 1325 codices
1347 1261 1606 1347 accepti
1631 1267 1701 1326 et
1749 1261 2024 1347 expensi
2066 1282 2106 1325 a
2131 1262 2452 1325 ministris
2478 1261 2953 1327 thesaurorum

610 1371 938 1454 perpetuo
983 1366 1565 1445 conscriberentur
1608 1367 1926 1454 oportuit.
1977 1366 2321 1432 Praefecti
2369 1374 2437 1432 et
2459 1367 2769 1432 custodes
2792 1370 2957 1432 rati-

610 1495 807 1539 onem
856 1473 1237 1539 reddebant
1282 1473 1501 1539 solum
1531 1474 1735 1561 -apud
1781 1496 2055 1559 regem;
2107 1479 2176 1538 et
2228 1496 2362 1560 quo
2411 1475 2626 1559 magis
2672 1496 2956 1539 munere

609 1602 730 1645 suo
779 1581 866 1645 ad
916 1579 1230 1647 fraudem
1298 1579 1814 1668 pellicebantur,
1887 1602 1965 1645 eo
2015 1582 2293 1666 gravius
2364 1579 2738 1667 periculum
2794 1580 2954 1647 fuit.

608 1686 918 1752 Pericula
960 1687 1207 1773 quibus
1252 1686 1525 1752 obnoxii
1571 1694 1783 1769 erant,
1835 1689 1891 1753 si
1938 1688 2258 1771 thesauri,
2308 1709 2476 1773 quos
2525 1687 2955 1753 administra-

607 1794 796 1878 bant,
870 1795 1231 1860 avaritiam
1299 1793 1792 1867 malevolorum
1860 1794 1974 1860 vel
2023 1794 2495 1860 seditiosorum
2541 1794 2955 1878 excitabant,

609 1902 883 1965 maximi
951 1892 1268 1964 habenda
1335 1905 1562 1983 erant3
1626 1922 1802 1987 quae
1871 1908 2100 1966 tamen
2170 1901 2538 1966 admodum
2598 1901 2957 1965 imminuta

607 2015 766 2073 sunt
832 2008 1180 2073 moenibus
1251 2007 1696 2095 validissimis,
1771 2007 2012 2093 quibus
2085 2029 2268 2072 arces
2341 2008 2643 2072 munitae
2719 2015 2952 2088 erant3

604 2114 793 2180 nullo
853 2114 1002 2180 loco
1071 2115 1255 2179 enim
1322 2120 1627 2202 apparet,
1681 2137 1769 2179 ne
1836 2121 1990 2202 post
2052 2113 2428 2180 Alexandri
2473 2121 2758 2180 mortem
2805 2116 2954 2200 qui-

610 2221 784 2305 dem,
838 2222 1187 2286 thesauros
1248 2221 1319 2286 vi
1384 2228 1805 2308 expugnatos
1850 2218 2014 2304 esse,
2065 2222 2136 2285 in
2183 2222 2499 2286 universo
2549 2222 2680 2285 dici
2727 2229 2957 2308 potest

608 2328 917 2393 custodes
962 2326 1165 2392 facile
1208 2327 1416 2392 fidem
1460 2333 1699 2393 contra
1742 2328 1886 2394 vim
1931 2333 2278 2415 praestare
2325 2327 2626 2415 potuisse
2647 2332 2718 2410 1),
2768 2329 2954 2414 quod

609 2434 818 2521 vulgo
858 2437 1065 2499 etiam
1109 2436 1187 2499 iis
1234 2434 1453 2519 magis
1499 2435 1571 2498 in
1617 2457 1764 2499 rem
1800 2435 1952 2500 fuit.

698 2542 1046 2622 Quomodo
1106 2543 1439 2608 rationem
1511 2543 1693 2630 apud
1763 2564 1959 2628 reges
2029 2542 2471 2624 reddiderint,
2546 2542 2736 2609 nullo
2805 2542 2954 2609 loco

607 2650 813 2738 plane
882 2655 1481 2717 commemoratum
1552 2656 1672 2733 est,
1764 2649 2043 2716 haerere
2113 2631 2469 2737 possumus
2538 2652 2716 2716 inter
2784 2651 2953 2716 duas

606 2759 973 2846 opinioneS,
1023 2764 1142 2825 aut
1189 2759 1524 2823 rationem
1568 2758 1766 2822 certis
1811 2757 2228 2844 temporibus
2279 2757 2363 2822 ab
2411 2759 2489 2822 iis
2540 2757 2956 2845 postulatam

607 2887 748 2930 esse
796 2888 836 2929 a
873 2867 1072 2930 certis
1118 2865 1281 2930 viris
1330 2865 1448 2951 qui
1492 2866 1677 2951 regio
1720 2866 1993 2930 nomine
2041 2885 2228 2929 arcas
2277 2864 2782 2951 dispungerent,
2835 2869 2956 2928 aut

608 2973 736 3038 hoc
781 2970 1039 3036 factum
1087 2992 1228 3037 esse
1273 2971 1545 3036 incertis
1592 2971 2029 3057 temporibus.
2125 2970 2259 3036 Sed
2309 2970 2672 3037 verisimile
2720 2975 2821 3035 est
2866 2969 2952 3034 ab

606 3078 995 3145 Alexandro
1062 3086 1495 3165 praeceptum
1557 3100 1703 3143 esse
1773 3085 1849 3143 ut
1929 3080 2226 3143 rationes
2290 3077 2493 3142 semel
2561 3078 2633 3141 in
2699 3098 2955 3141 annum

606 3184 1035 3271 Babylonem
1080 3186 1525 3268 mitterentur,
1562 3187 1787 3272 ipsum
1824 3206 2050 3271 regem
2102 3191 2331 3249 autem
2372 3205 2449 3249 eo
2477 3184 2702 3249 animo
2726 3182 2953 3268 fuisse,

607 3299 684 3358 ut
746 3293 1016 3356 incertis
1082 3291 1519 3378 temporibus.
1565 3292 1917 3357 thesauros
1977 3293 2245 3373 viseret,
2319 3290 2430 3355 vel
2503 3296 2581 3354 ut
2642 3311 2761 3355 suo
2806 3288 2954 3354 loco

603 3399 963 3464 fidissimos
1026 3399 1330 3464 homines
1399 3400 1719 3481 mitteret,
1770 3400 1885 3485 qui
1926 3399 2362 3485 exquirerent
2407 3420 2571 3462 num
2616 3418 2809 3462 arcae
2850 3397 2954 3460 in-

608 3513 850 3591 tactae,
888 3508 1352 3594 pecuniaeque
1402 3513 1674 3594 praesto
1713 3512 1953 3571 essent.
2018 3506 2172 3571 Duo
2221 3511 2378 3570 sunt
2424 3504 2555 3569 loci
2597 3506 2670 3568 in
2709 3503 2955 3590 quibus

608 3614 809 3699 hujus
855 3614 955 3678 rei
998 3615 1360 3699 vestigium
1389 3614 1814 3696 inveniatur,
1863 3619 2150 3698 uterque
2190 3613 2444 3677 indicat
2486 3633 2710 3697 regem
2733 3612 2957 3697 ipsum

605 3743 751 3786 rem
790 3722 1205 3814 cognovisse,
1253 3720 1463 3805 idque
1510 3722 1782 3785 incertis
1828 3718 2263 3807 temporibus.
2356 3717 2582 3783 Unum
2629 3717 2959 3782 indicium

608 3834 709 3891 est
780 3827 1064 3891 verbum
1135 3825 1220 3890 ab
1270 3824 1643 3913 Antipatro
1694 3826 1781 3890 ad
1829 3826 2076 3891 milites
2120 3826 2194 3890 in
2240 3826 2554 3891 contione
2601 3845 2778 3888 anno
2825 3824 2956 3888 321

608 3932 1026 4020 Triparadisi
1093 3934 1639 4020 pronunciatum,
1739 3954 1893 3997 cum
1984 3933 2131 4020 ipse
2212 3937 2607 4019 procurator
2695 3930 2960 4017 imperii

608 4047 871 4105 creatus
913 4046 1049 4124 est3
1100 4040 1269 4104 dixit
1296 4042 1481 4104 enim
1505 4041 1584 4104 iis
1625 4041 1744 4126 qui
1768 4041 2074 4126 praemia
2098 4039 2384 4103 militiae
2409 4044 2477 4103 et
2497 4036 2962 4103 dimissionem

604 4147 1011 4233 flagitabant
1078 4169 1221 4212 sese
1270 4148 1343 4211 in
1385 4147 1776 4233 praesentia
1842 4146 2119 4231 quidem
2164 4166 2563 4233 responsum
2611 4144 2773 4209 dare
2818 4165 2964 4209 non

602 4276 816 4340 posse,
878 4255 997 4319 sed
1041 4276 1184 4319 rem
1224 4255 1348 4318 sibi
1397 4275 1599 4318 curae
1646 4252 1816 4336 fore,
1861 4252 2139 4318 simulac
2187 4258 2442 4317 statum
2486 4250 2968 4316 thesaurorum

659 4487 702 4556 1)
747 4489 906 4542 Diod.
948 4488 1029 4543 19.
1071 4486 1154 4541 18.
1194 4487 1243 4541 1.
1283 4487 1348 4541 cf.
1391 4487 1473 4541 19.
1516 4486 1599 4540 48.
1639 4487 1690 4540 6.
