3338 5350
1572 513 1698 578 163

468 712 825 779 Graeciam
872 712 959 776 ad
1004 711 1307 798 Delphos
1369 734 1581 797 usque
1624 717 2179 799 penetraverunt,
2247 712 2430 776 unde
2477 719 2805 776 autumno

468 826 771 907 tempore
821 819 980 883 anni
1025 819 1156 883 279
1203 824 1632 883 reverterunt
1650 819 1719 898 1).

554 926 981 1011 Investigare
1027 925 1216 990 lubet
1264 926 1588 1011 quidnam
1639 924 1898 990 factum
1947 926 2034 990 sit
2080 948 2120 990 a
2166 925 2461 1009 GraeciS‚
2509 935 2589 989 ut
2632 925 2808 990 hanc

469 1032 927 1097 calamitatem
998 1036 1402 1114 averterent,
1472 1053 1625 1097 cum
1693 1032 2055 1097 manifesto
2120 1031 2564 1097 Macedoniae
2632 1033 2810 1097 vires

472 1163 610 1205 non
656 1138 1191 1229 suppeditarent,
1241 1146 1318 1203 ut
1351 1139 1672 1204 barbaros
1694 1138 2120 1226 repellerent.
2172 1137 2490 1203 Omnium
2514 1139 2811 1225 primum

473 1246 967 1311 attendendum
1012 1252 1114 1310 est
1160 1247 1244 1310 ad
1297 1251 1549 1311 statum
1594 1244 1921 1311 Graeciae
1966 1267 2147 1311 anno
2170 1245 2322 1328 280,
2369 1268 2535 1309 num
2581 1245 2810 1331 singu-

470 1354 579 1418 lae
648 1359 886 1439 gentes
953 1359 1099 1418 tam
1167 1353 1563 1418 debilitatae
1630 1352 1884 1418 fuerint
1948 1375 2154 1439 quam
2213 1353 2423 1438 vulgo
2467 1358 2717 1439 putant
2737 1354 2808 1436 2).

471 1460 811 1546 Equidem
856 1481 995 1525 non
1040 1459 1457 1524 crediderim.

562 1568 790 1633 Aetoli
837 1574 994 1633 ante
1041 1590 1271 1634 omnes
1319 1568 1484 1633 alios
1519 1567 2070 1656 populationibus
2094 1567 2536 1633 barbarorum
2559 1567 2811 1650 vexati,

474 1676 893 1762 temporibus
960 1674 1301 1740 invasioni
1367 1675 1933 1762 praecedentibus
2003 1674 2278 1739 demum
2324 1695 2618 1740 crescere
2665 1695 2812 1739 coe-

473 1788 742 1871 perunt,
811 1780 981 1847 fines
1050 1803 1203 1847 suos
1271 1803 1484 1867 usque
1545 1782 1633 1847 ad
1680 1781 2316 1859 sinumMaliacum
2362 1780 2814 1869 amplificave-

474 1897 655 1975 runt,
728 1891 1099 1976 eodemque
1166 1895 1470 1977 tempore
1537 1888 1794 1954 Areum
1853 1889 2345 1977 Spartanorum
2389 1910 2620 1975 regem
2664 1910 2815 1975 rep-

476 1998 816 2085 pulemnt.

565 2103 849 2171 Constat
937 2105 1230 2189 reliquas
1322 2105 1598 2190 quidem
1689 2104 1999 2170 civitates
2084 2104 2407 2170 Graeciae
2497 2105 2657 2169 inde
2728 2103 2812 2169 ab

477 2212 851 2278 Alexandri
919 2218 1133 2277 morte
1204 2211 1541 2276 diuturnis
1589 2218 1657 2276 et
1692 2212 2036 2277 continuis
2082 2211 2277 2277 bellis
2323 2234 2450 2278 vex
2460 2217 2604 2277 atas
2653 2232 2814 2293 esse,
2867 2238 2875 2246 ·

477 2322 708 2408 paucis
772 2321 965 2384 annis
1013 2324 1170 2384 ante
1217 2339 1419 2383 saevo
1473 2318 1891 2383 Poliorcetae
1933 2318 2237 2407 imperio,
2283 2317 2815 2407 praeparationi-

481 2428 603 2493 bus
675 2448 963 2511 magnae
1029 2427 1099 2490 in
1168 2425 1403 2490 Asiam
1467 2425 1914 2513 expeditionis
1976 2447 2329 2513 oppressas
2377 2447 2540 2509 esse,
2587 2431 2817 2490 tamen

476 2535 662 2600 haud
712 2533 1197 2620 negligendum
1245 2537 1346 2597 est
1389 2554 1620 2600 omnes
1667 2531 1811 2597 fere
1834 2539 2071 2618 gentes
2102 2534 2230 2599 hoc
2251 2534 2583 2620 regimine
2605 2555 2820 2618 aeque

480 2641 770 2708 afflictas
840 2663 1003 2726 esse,
1076 2642 1293 2729 ipsam
1365 2640 1866 2730 expeditionem
1935 2646 2162 2707 autem
2231 2663 2368 2708 non
2438 2647 2820 2728 susceptam

482 2773 643 2815 esse.
737 2750 1099 2814 Praeterea
1143 2750 1368 2836 ipsum
1411 2771 1626 2834 genus
1690 2749 2167 2815 dominationis
2227 2750 2703 2815 Macedonicae
2749 2749 2822 2812 in

481 2842 797 2922 unix'rerso
843 2878 982 2922 non
1028 2856 1513 2944 impedimento
1561 2854 1714 2940 fuit,
1755 2856 2115 2941 quominus
2161 2856 2470 2943 singulae
2508 2857 2821 2922 civitates

482 2962 1001 3046 efflorescerent‚
1071 2983 1227 3027 cum
1285 2964 1560 3050 insuper
1595 2962 1784 3061 ’satis
1844 2969 2084 3028 notum
2144 2964 2251 3047 sit,
2314 2963 2514 3028 urbes
2563 2986 2603 3027 a
2646 2963 2821 3049 regi-

480 3073 606 3136 bus
675 3077 1096 3158 expugnatas
1164 3069 1373 3156 vulgo
1438 3070 1807 3135 clementer
1872 3075 2195 3136 tractatas
2257 3094 2419 3137 esse.
2510 3071 2823 3136 Athenae
2910 3097 2916 3104 ·

481 3178 675 3243 nobis
750 3181 833 3243 de
900 3178 1004 3243 his
1073 3177 1385 3245 omnibus
1453 3177 1764 3265 exemplo
1827 3183 2004 3261 sunt,
2062 3199 2201 3244 non
2248 3180 2465 3245 solum
2511 3179 2823 3245 Athenae

482 3291 560 3350 ut
606 3284 1049 3351 effloruerunt
1116 3284 1239 3350 sub
1308 3285 1655 3350 Demetrio
1701 3284 2049 3369 Phalereo,
2099 3293 2176 3350 ut
2221 3308 2485 3374 semper
2529 3287 2825 3373 benigne

484 3398 553 3456 et
642 3392 1008 3458 clementer
1098 3414 1138 3456 a
1244 3391 1624 3457 Poliorceta
1725 3397 2054 3457 tractatae
2152 3402 2328 3476 sunt,
2416 3394 2534 3458 sed
2618 3393 2825 3458 etiam
2885 3426 2892 3432 ·

482 3497 797 3564 Athenae
846 3500 1004 3563 anni
1074 3499 1206 3563 280
1272 3499 1480 3584 hujus·
1540 3499 1638 3563 rei
1708 3498 2092 3586 exemplum
2139 3507 2316 3584 sunt,
2365 3500 2564 3565 urbes
2613 3499 2823 3567 Grae—

484 3606 628 3670 ciae
686 3614 850 3671 tunc
908 3606 1231 3693 temporis
1285 3626 1423 3671 non
1468 3611 1611 3671 tam
1657 3605 2046 3671 debilitatas
2091 3604 2317 3690 fuisse,
2367 3630 2573 3693 quam
2614 3607 2824 3693 vulgo

481 3718 751 3800 putant.

575 3817 771 3898 Quod
818 3822 904 3886 ad
951 3844 1096 3886 rem
1165 3820 1527 3887 militarem
1573 3821 1837 3904 attinet,
1907 3821 2039 3908 ipsi
2107 3821 2290 3887 cives
2350 3843 2489 3887 non
2536 3822 2826 3910 amplius

486 3927 829 4014 stipendia
897 3926 1207 3993 fecerunt
1279 3927 1575 4012 quidem,
1650 3927 1896 4015 ephebi
1943 3949 2080 3993 non
2128 3928 2419 4015 amplius
2468 3928 2828 4015 disciplina

484 4033 767 4099 militari
826 4033 1375 4118 instituebantur,
1448 4034 1926 4100 mercennariis
1990 4034 2320 4100 militibus
2377 4035 2828 4100 Athenienses

544 4303 589 4369 ¹)
628 4303 694 4356 cf.
733 4321 782 4357 v,
823 4303 1023 4358 Gelder
1061 4302 1129 4356 de
1167 4302 1338 4357 Gallis
1374 4303 1430 4356 in
1468 4302 1700 4357 Graecia
1738 4306 1792 4357 et
1828 4303 1955 4357 Asia
1993 4321 2043 4372 p.
2085 4303 2170 4368 69,
2215 4304 2305 4357 cui
2330 4304 2630 4358 assentitur
2667 4280 2829 4358 Niese

488 4393 539 4446 2.
580 4392 647 4445 16
686 4409 811 4446 ann.
849 4393 899 4446 4.

542 4480 592 4547 2>
630 4481 754 4535 ibid.
793 4499 848 4550 p.
885 4482 969 4535 31.
