3338 5350
1701 526 1789 590 98

572 720 946 787 Alexandri
1014 726 1302 786 mortem
1369 720 1673 786 clausum
1745 726 1865 785 est.
1958 721 2089 785 Hic
2158 722 2336 786 enim
2386 725 2751 789 attendens
2823 727 2909 792 ad

573 836 826 894 statum
874 833 1300 914 satraparum
1343 834 1500 915 post
1542 827 1916 892 Alexandri
1962 835 2248 893 mortem
2275 835 2633 915 mutatum,
2660 833 2917 919 optime

574 935 908 1001 intellexit
956 958 1160 1023 quam
1229 933 1509 1000 difficile
1577 932 1887 999 futurum
1947 941 2121 1000 esset
2185 937 2547 1024 imperium
2592 939 2663 1003 in
2700 962 2918 1004 unum

572 1044 1008 1128 conjunctum
1053 1050 1315 1124 tenere;
1391 1064 1572 1106 nunc
1620 1041 1820 1124 enim,
1868 1064 2021 1106 cum
2084 1064 2283 1108 omne
2328 1044 2676 1109 vinculum
2737 1047 2919 1111 inter

573 1151 872 1217 diversos
917 1152 1352 1236 magistratus
1400 1148 1745 1214 sublatum
1792 1156 1983 1233 esset,
2052 1150 2409 1237 imperium
2472 1158 2742 1218 tantum
2786 1153 2915 1217 niti

571 1258 676 1324 his
722 1258 936 1323 tribus
983 1257 1218 1340 rebus3
1265 1258 1527 1344 primo:
1576 1257 1851 1321 nomine
1894 1278 2153 1343 regum,
2219 1264 2289 1322 et
2335 1257 2593 1324 viribus
2618 1261 2917 1347 supremi

570 1366 1023 1452 procuratoris
1069 1364 1369 1452 imperii;
1444 1365 1777 1430 secundo:
1844 1363 2024 1430 bona
2086 1371 2316 1429 mente
2378 1372 2804 1454 satraparum
2843 1372 2916 1432 et

571 1475 796 1538 animo
873 1494 1103 1537 eorum
1168 1478 1408 1559 parato
1502 1471 1585 1535 ad
1657 1470 2154 1536 oboediendum
2246 1472 2535 1537 decretis
2599 1474 2911 1562 imperii;

569 1581 811 1645 tertio:
859 1585 1061 1661 statu,
1131 1599 1411 1644 numero
1481 1585 1546 1643 et
1618 1579 1844 1643 animo
1910 1579 2274 1663 exercitus3
2321 1601 2485 1644 nam
2528 1601 2710 1644 1111110
2756 1604 2915 1646 011111

569 1688 813 1773 cuique
879 1692 1190 1772 satrapae
1246 1686 1481 1772 copiae
1529 1707 1691 1750 suae
1734 1692 2004 1772 praesto
2053 1691 2292 1771 essent,
2365 1687 2725 1752 seditiones
2770 1709 2914 1753 non

568 1795 700 1859 nisi
745 1795 815 1859 vi
865 1815 1204 1860 armorum
1240 1791 1573 1879 impediri,
1613 1814 1837 1879 neque
1884 1792 2016 1857 alio
2063 1793 2265 1858 modo
2308 1795 2651 1881 praeverti
2673 1800 2913 1882 potue-

568 1909 748 1984 runt,
820 1903 948 1967 nisi
1018 1901 1589 1966 demonstratione
1656 1901 1906 1966 virium
1950 1899 2365 1968 militarium.
2415 1901 2507 1966 Et
2551 1901 2912 1967 Perdiccas

569 2011 687 2096 qui
719 2010 887 2075 haec
932 2009 1158 2074 omnia
1203 2009 1456 2095 optime
1494 2007 1846 2089 intellexit,
1894 2029 2038 2072 sese
2063 2007 2558 2074 validissimum
2580 2015 2915 2075 rectorem

568 2118 923 2206 praestitit.
995 2115 1344 2181 Intellexit
1409 2116 1683 2180 unicam
1749 2116 1953 2199 viam,
2026 2137 2161 2201 qua
2217 2115 2514 2202 flagitari
2574 2123 2802 2205 posset
2870 2140 2914 2182 a

570 2226 874 2312 satrapiS,
923 2231 1002 2290 ut
1046 2222 1287 2289 officiis
1335 2223 1469 2286 suis
1510 2243 1674 2308 erga
1718 2222 2079 2309 imperium
2115 2220 2709 2310 perfungerentur,
2732 2225 2915 2290 hanc

569 2354 731 2414 esse,
783 2332 963 2418 quod
1027 2351 1365 2396 summum
1411 2329 1771 2415 imperium
1835 2335 2233 2413 metuerent,
2306 2331 2485 2415 quod
2534 2332 2694 2396 satis
2740 2330 2912 2396 vali·

569 2440 733 2504 dum
778 2440 850 2505 id
896 2460 1039 2504 esse
1089 2442 1408 2525 putarent
1452 2437 1532 2500 ad
1563 2435 1975 2501 cohibendos
2000 2436 2179 2501 male
2201 2443 2537 2524 parentes,
2564 2437 2917 2503 Intellexit

567 2546 695 2612 hoc
753 2526 1193 2633 praecipuum
1263 2565 1509 2608 munus
1576 2544 2027 2630 procuratoris
2096 2564 2239 2608 esse
2306 2550 2384 2608 ut
2447 2567 2589 2610 sese
2633 2567 2910 2632 prorsus

568 2652 792 2719 officio
839 2674 958 2718 suo
1005 2652 1383 2733 dedicaret;
1430 2656 1509 2714 ut
1553 2672 1708 2716 cum
1751 2649 2024 2738 regibus
2074 2656 2140 2715 et
2182 2672 2334 2716 cum
2359 2651 2588 2718 valido
2614 2655 2916 2718 exercitu

565 2763 638 2825 in
683 2765 912 2825 centro
994 2759 1262 2846 imperii
1309 2763 1498 2841 esset,
1569 2764 1648 2822 ut
1693 2763 1963 2845 praesto
2009 2778 2154 2822 esse
2193 2764 2439 2845 posset,
2502 2758 2917 2846 ubicumque

566 2889 672 2933 res
716 2866 1141 2953 flagitabant.
1234 2865 1432 2931 Hanc
1481 2865 1567 2930 ob
1616 2887 1759 2929 rem
1807 2864 2235 2952 Babylonem
2281 2871 2634 2952 tamquam
2679 2866 2918 2931 sedem

566 2976 833 3062 imperii
897 2972 1341 3055 confirmavit,
1391 2993 1596 3057 quam
1642 2971 1881 3037 urbem
1932 2993 2134 3059 saepe
2179 2978 2411 3038 tamen
2456 2973 2911 3060 relinquebat,

564 3090 645 3147 ut
689 3103 845 3147 011111
887 3080 1181 3146 exercitu
1227 3080 1476 3144 viseret
1522 3079 1824 3143 diversas
1870 3085 2099 3165 partes
2160 3080 2442 3167 imperii,
2503 3102 2630 3146 nec
2674 3086 2915 3146 tamen

568 3190 822 3256 diutius
894 3188 1128 3252 absens
1199 3192 1362 3269 erat,
1435 3207 1641 3273 quam
1710 3185 2018 3270 singulae
2063 3208 2192 3271 res,
2263 3208 2436 3271 quae
2482 3187 2567 3266 in·
2601 3186 2915 3253 ordinem

566 3295 912 3382 cogendae
958 3301 1172 3379 erant,
1219 3293 1648 3380 flagitabant.

654 3402 1008 3467 Exercitus
1056 3401 1179 3466 sub
1229 3400 1816 3466 administratione
1866 3401 2010 3485 ejus
2078 3401 2240 3465 satis
2286 3401 2557 3466 validus
2605 3406 2673 3465 et
2715 3422 2911 3487 mag-

567 3533 694 3575 nus
742 3516 907 3593 erat,
977 3509 1187 3597 copiis
1257 3507 1713 3574 Macedonicis
1793 3507 2208 3592 abundabat,
2271 3530 2593 3593 magnam
2640 3514 2914 3595 partem

566 3617 975 3703 compositus
1024 3623 1170 3681 erat
1205 3614 1535 3680 militibus
1569 3613 1954 3679 fortissimis
1996 3621 2063 3678 et
2101 3614 2484 3679 clarissimis
2508 3614 2909 3680 Alexandri.

570 3722 646 3788 Si
689 3723 1052 3789 Perdiccae
1098 3721 1377 3787 fortuna
1421 3721 1640 3808 magis
1685 3721 1992 3808 propicia
2050 3720 2290 3786 fuisset
2356 3721 2431 3785 in
2476 3722 2913 3809 expeditione

566 3838 802 3896 contra
863 3829 1261 3917 Aegyptum
1327 3829 1441 3893 1110
1505 3829 1649 3894 sine
1720 3828 1860 3894 ullo
1930 3828 2137 3893 dubio
2206 3828 2570 3915 imperium
2639 3828 2914 3894 salvum

565 3938 850 4003 reddere
893 3937 1243 4024 potuisset.
1293 3935 1730 4001 Matrimonio
1779 3958 1934 4000 cum
1979 3933 2340 4023 Cleopatra
2386 3934 2516 3999 sibi
2555 3935 2667 4021 jus
2692 3934 2911 4021 quod-

566 4045 724 4109 dam
792 4044 1022 4130 regiae
1089 4043 1444 4130 dignitatis
1511 4043 2058 4131 comparavisset,
2133 4064 2269 4129 qua
2337 4041 2672 4127 dignitate
2730 4047 2913 4107 tam-

568 4173 773 4237 quam
817 4156 1026 4221 tutor,
1046 4171 1286 4237 regum
1333 4148 1650 4235 perfungi
1693 4150 2055 4236 potuisset3
2121 4171 2343 4235 neque
2395 4169 2506 4214 eos
2553 4148 2637 4212 de
2680 4147 2913 4213 medio

564 4257 802 4324 tollere
868 4278 1036 4346 opus
1105 4256 1363 4338 fuisset,
1439 4278 1595 4320 cum
1663 4255 1749 4319 ab
1821 4256 2034 4321 altera
2098 4261 2297 4344 parte
2367 4254 2518 4320 fieri
2575 4253 2913 4341 potuisset

562 4370 640 4429 ut
705 4386 828 4452 per
897 4363 1297 4451 Cleopatrae
1364 4361 1611 4427 liberos
1678 4363 1868 4448 regia
1936 4363 2172 4428 domus
2241 4384 2279 4427 e
2347 4361 2530 4426 linea
2596 4365 2915 4427 materna

567 4469 986 4537 effloruisset.
