3338 5350
1813 523 1900 588 30

693 720 941 786 bantur
987 720 1231 806 quibus
1278 722 1458 786 cives
1502 722 1683 786 intra
1721 721 1889 788 fines
1910 724 2105 808 regni
2127 720 2175 802 1)
2220 744 2344 810 pro
2381 722 2708 787 Romanis
2733 722 3025 788 habendi

690 833 902 893 erant.
951 828 1061 894 Ad
1105 828 1391 893 eandem
1430 829 1816 915 analogiam
1853 832 2025 896 ratio
2050 831 2244 897 docet
2269 830 2450 895 cives
2467 829 2737 894 illarum
2758 829 3025 895 urbium

689 934 1300 1023 Macedonicarum,
1371 959 1546 1022 quae
1592 942 1784 1001 extra
1829 936 1997 1002 fines
2038 938 2351 1003 conditae
2399 943 2591 1001 erant
2637 958 2761 1024 pro
2804 936 3023 1002 Mace-

693 1041 978 1107 donibus
1023 1041 1371 1110 habendos
1418 1066 1576 1109 esse.

779 1148 1091 1214 Ceterum
1159 1151 1328 1216 adeo
1397 1172 1718 1238 prospere
1784 1153 1854 1215 in
1925 1151 2400 1239 Septentrione
2465 1148 2824 1237 Philippus
2884 1171 3024 1213 rem

686 1257 913 1341 gessit,
985 1263 1062 1321 ut
1123 1255 1436 1322 Cothelas
1506 1256 1839 1323 Getarum
1904 1281 2041 1342 rex,
2104 1257 2250 1343 jam
2315 1279 2499 1322 nunc
2573 1254 2811 1322 foedus
2873 1277 3023 1320 cum

688 1362 1061 1429 Macedone
1107 1365 1331 1429 inierit
1352 1365 1428 1449 2),
1483 1371 1562 1429 ut
1596 1364 1965 1452 Apollonia
2012 1370 2080 1429 et
2131 1364 2422 1430 Odessus
2467 1364 2669 1429 urbes
2716 1364 2801 1429 ad
2848 1362 3021 1429 Pon-

690 1477 838 1535 tum
883 1471 1054 1536 sitae
1098 1493 1241 1536 sese
1289 1473 1606 1537 societate
1652 1495 1807 1537 cum
1851 1494 2013 1558 rege
2052 1471 2403 1557 junxerint
2425 1469 2492 1551 3).
2651 1458 2666 1475 ⁸

775 1578 919 1644 Nec
963 1585 1193 1644 tamen
1252 1580 1560 1665 sequenti
1633 1600 1812 1645 anno
1882 1600 2094 1665 aeque
2162 1599 2482 1666 prospere
2549 1599 2655 1643 res
2707 1578 2917 1664 gessit
2954 1578 3021 1641 in

687 1684 971 1750 Meridie
1015 1684 1395 1772 Philippus.
1434 1686 1717 1751 Frustra
1762 1687 2190 1774 oppugnavit
2248 1686 2563 1772 deinceps
2623 1683 3023 1750 Perinthum

687 1797 758 1856 et
800 1791 1230 1877 Byzantium,
1280 1792 1524 1877 quibus
1570 1791 2020 1858 Athenienses
2066 1791 2315 1858 auxilia
2351 1792 2700 1875 miserunt,
2742 1792 3021 1856 auctori-

686 1905 899 1964 tatem
945 1921 1138 1964 suam
1175 1899 1246 1962 in
1294 1898 1753 1966 Chersonneso
1801 1901 2127 1965 sustinere
2174 1921 2313 1965 non
2355 1900 2600 1987 potuit.

774 2005 1053 2071 Meliore
1122 2004 1399 2071 fortuna
1466 2027 1643 2091 usus,
1715 2005 1893 2071 filius
1955 2004 2097 2092 ejus
2142 2005 2534 2071 Alexander
2581 2007 2818 2071 eodem
2860 2011 3023 2070 tem·

685 2135 850 2201 pore
895 2113 1191 2196 Maedos,
1240 2112 1638 2192 Thracicam
1705 2119 1981 2198 gentem
2028 2113 2115 2178 ad
2164 2111 2602 2200 Strymonem
2668 2113 2859 2177 sedes
2904 2112 3027 2176 ha-

686 2221 962 2286 bentem
985 2219 1054 2305 4),
1102 2220 1371 2286 sedibus
1420 2223 1555 2287 suis
1603 2220 1821 2306 ejecit,
1861 2221 2124 2287 ,urbem
2167 2218 2753 2307 Alexandropolin
2798 2219 3023 2287 condi-

689 2327 791 2391 dit
815 2327 890 2414 5),
938 2349 1227 2414 quorum
1293 2329 1470 2415 agris
1534 2349 1611 2393 eo
1682 2328 1884 2393 modo
1955 2349 2087 2413 quo
2156 2349 2360 2415 supra
2426 2333 3019 2393 commemoratum

687 2440 807 2519 est,
880 2456 1092 2500 novos
1189 2435 1441 2501 incolas
1511 2434 2060 2500 subministravit
2169 2433 2330 2521 Ipsa
2389 2433 2699 2499 Maedica
2744 2434 3024 2521 posthac

685 2563 842 2627 pars
883 2543 1092 2629 ipsius
1137 2543 1331 2628 regni
1376 2541 1793 2607 Macedonici
1836 2541 2156 2606 habenda
2201 2547 2305 2605 est
2330 2540 2404 2628 6).

773 2649 929 2715 Νο11
1000 2656 1159 2715 ante
1219 2670 1460 2737 pacem
1526 2649 1852 2715 Demadis
1921 2655 2080 2737 post
2137 2670 2443 2737 pugnam
2488 2648 3025 2714 Chaeronensem

687 2759 848 2822 anni
908 2756 1058 2840 338,
1129 2757 1432 2844 Philippi
1495 2757 1859 2821 auctoritas
1927 2757 1997 2820 in
2067 2762 2264 2843 parte
2328 2754 2658 2821 Orientali
2702 2755 3024 2821 Thraciae

687 2863 958 2928 firmata
1008 2869 1129 2929 est.
1219 2863 1394 2928 Tum
1456 2864 1732 2929 demum
1790 2861 2291 2929 Chersonnesus
2338 2862 2664 2928 Thracica
2710 2862 3023 2949 Philippo

684 2993 998 3039 concessa
1045 2978 1150 3036 est
1183 2972 1271 3055 ⁷);
1321 2971 1732 3056 Byzantium
1767 2994 1936 3060 pace
1976 2970 2160 3037 facta
2182 2993 2338 3036 cum
2360 2970 2679 3057 Philippo
2707 2969 2775 3052 Β),
2824 2970 3021 3034 socie-

686 3084 900 3144 tatem
946 3079 1099 3142 iniit
1121 3078 1430 3165 quidem,
1477 3078 1756 3165 plenam
1800 3084 2029 3144 autem
2076 3078 2469 3144 libertatem
2513 3078 2794 3142 retinuit
2819 3074 2888 3160 9).

738 3240 787 3305 1)
826 3240 892 3294 cf.
932 3238 1176 3293 Willems
1211 3255 1265 3307 p.
1302 3237 1424 3292 495.

737 3330 786 3387 2)
826 3329 1007 3395 Satyr.
1046 3330 1111 3382 fr.
1149 3327 1182 3382 5
1220 3327 1437 3387 (Athen.
1479 3328 1562 3382 13.
1603 3329 1766 3395 557d)
1806 3328 1891 3378 καὶ
1941 3329 2030 3387 τὴν
2070 3326 2257 3395 Θρᾴκην
2295 3326 2346 3378 δὲ
2384 3328 2468 3378 ὅτε
2498 3324 2623 3377 εἶλεν
2644 3326 2925 3396 (Φίλιππος)
2942 3321 3023 3383 ἧκε

686 3420 797 3479 πρὸς
850 3416 995 3468 αὐτὸν
1049 3415 1279 3474 Κοθήλας
1316 3418 1340 3465 ὅ
1376 3423 1471 3467 τῶν
1525 3423 1722 3484 Θρᾳκῶν
1776 3420 2014 3480 βασιλεὺς
2068 3416 2202 3481 ἄγων
2257 3415 2428 3474 Μήδαν
2481 3416 2570 3473 τὴν
2623 3414 2889 3477 θυγατέρα
2941 3411 3023 3462 καὶ

687 3506 809 3569 δῶρα
845 3511 1021 3557 πόλλα.
1059 3510 1126 3562 cf.
1164 3508 1422 3563 Jordanis
1460 3509 1529 3563 10
1568 3526 1597 3562 6
1635 3508 1809 3568 Dione
1846 3507 2036 3573 Chrys.
2077 3509 2256 3556 Γετικὰ
2289 3507 2356 3560 cf.
2398 3506 2659 3561 Schaefer
2695 3505 2746 3559 2.
2784 3505 2906 3559 447.

739 3597 785 3666 3)
822 3598 1006 3653 Justin
1042 3598 1093 3650 9.
1132 3598 1180 3650 2.
1223 3598 1270 3651 1.
1311 3597 1573 3652 Schaefer
1610 3598 1643 3648 2
1701 3596 1807 3650 450
1844 3614 1968 3651 ann.
2009 3598 2055 3649 1.

737 3685 783 3756 4)
823 3686 1026 3741 Strabo
1068 3686 1189 3741 331.
1228 3686 1315 3742 36.
1353 3687 1389 3740 i.
1426 3687 1462 3740 f.

728 3775 789 3841 .5)
825 3776 972 3829 Plut.
1010 3775 1163 3831 Alex.
1203 3775 1252 3829 9.

738 3863 785 3932 6)
821 3864 1097 3919 Demitsas
1134 3866 1181 3919 2.
1224 3864 1344 3919 519.
1382 3864 1647 3935 Forbiger
1684 3865 2030 3935 Realencycl.
2068 3865 2119 3918 4.
2162 3883 2215 3934 p.
2258 3863 2411 3918 1355.
2457 3863 2581 3933 „Sie
2615 3862 3023 3932 beunruhigten

689 3953 776 4008 die
829 3953 1186 4010 Makedonier
1239 3953 1394 4007 nicht
1429 3954 1604 4008 selten
1642 3954 1820 4008 durch
1857 3953 1976 4007 ihre
2030 3953 2316 4022 Einfallen,
2371 3953 2456 4007 bis
2511 3953 2589 4007 sie
2646 3952 2864 4006 endlich
2915 3967 3023 4005 von

689 4042 876 4096 diesen
929 4042 1280 4113 fiberwaltigt
1335 4042 1450 4096 und
1487 4042 1589 4095 mit
1623 4043 1801 4095 ihrem
1837 4042 2026 4096 Lande
2061 4042 2331 4112 vereinigt
2368 4041 2609 4105 wurden‚
2649 4040 2754 4095 seit
2792 4039 3024 4095 welcher

687 4131 807 4185 Zeit
842 4131 1063 4185 Madika
1099 4131 1206 4186 den
1240 4132 1576 4186 Nordlichen
1614 4131 1841 4185 District
1875 4131 2268 4186 Makedoniens
2305 4130 2561 4185 bildete.’'

741 4220 785 4284 7)
824 4209 1098 4275 Schaefe'r.
1138 4221 1186 4274 3.
1226 4220 1310 4274 28.
1352 4221 1420 4274 (16
1456 4220 1688 4275 urbibus
1724 4220 2088 4275 Chersonnesi
2125 4221 2191 4274 cf.
2231 4237 2297 4274 ea
2334 4237 2477 4288 quae
2513 4236 2567 4288 p.
2605 4219 2673 4272 27
2712 4219 2861 4273 dicta
2895 4218 3024 4272 sunt

689 4309 757 4362 de
791 4308 1021 4363 Abderis
1057 4313 1161 4364 cet.

739 4397 788 4464 8)
826 4398 1103 4455 Schaefer.
1141 4399 1191 4454 3.
1229 4399 1315 4453 51.

739 4486 786 4555 9)
824 4488 1020 4541 Arrian
1058 4490 1107 4541 1.
1145 4489 1192 4543 3.
1231 4489 1265 4542 3
