3338 5350
1470 508 1595 574 125

359 724 501 767 sese
545 701 842 790 primum
908 725 1022 768 rus
1066 703 1373 786 contulit,
1445 704 1696 770 deinde
1743 704 2062 771 societate
2108 726 2262 769 cnm
2307 705 2696 771 Ptolemaeo

359 810 546 892 inita,
616 810 687 874 in
739 810 971 875 Asiam
1022 811 1109 875 ad
1154 811 1580 898 Antigonum
1647 835 1719 877 se
1763 813 2071 896 contulit,
2133 815 2253 900 qui
2291 835 2410 900 spe
2457 814 2701 878 summi

359 918 625 1004 imperii
709 915 863 994 ἔγνω
948 918 1036 994 μὴ
1123 919 1441 999 προσέχειν
1522 921 1679 996 μήτε
1755 926 1879 993 τοῖς
1948 919 2273 996 βασιλεῦσι
2342 921 2504 997 μήτε
2573 925 2698 991 τοῖς

362 1024 773 1099 ἐπιμεληταῖς
841 1025 1042 1088 αὐτῶν
1089 1025 1158 1108 ¹),
1208 1032 1276 1090 et
1321 1025 1378 1091 is
1429 1024 1884 1091 Cassandrum
1958 1048 2203 1113 magno
2250 1048 2405 1091 cum
2449 1028 2702 1114 gaudio

362 1132 649 1218 excepit,
696 1130 1001 1219 profecto
1048 1132 1227 1218 quod
1275 1154 1495 1217 neque
1541 1133 1760 1219 magis
1808 1132 2451 1221 Polysperchontem
2497 1156 2702 1221 agno-

361 1240 482 1320 vit,
530 1261 686 1304 cum
731 1240 842 1304 1116
879 1261 1016 1306 11611
1061 1239 1365 1325 legitime
1409 1247 1675 1305 creatus
1723 1247 1914 1306 esset.
1972 1240 2091 1328 (cf.
2141 1263 2205 1328 p.
2260 1242 2433 1329 118.)

450 1347 596 1413 Nec
642 1353 874 1411 tamen
923 1347 1135 1411 statui
1178 1353 1422 1434 potest,
1481 1348 1818 1432 quomodo
1864 1356 2128 1414 creatus
2175 1350 2281 1414 sit.
2354 1348 2430 1414 Si
2476 1355 2704 1414 autem

365 1455 449 1518 ad
519 1458 699 1521 hanc
781 1476 926 1520 rem
996 1455 1410 1520 attendimus
1476 1455 1657 1539 quod
1733 1477 1774 1520 a
1838 1455 2027 1521 nullo
2111 1454 2256 1521 fere
2321 1457 2705 1543 principum

365 1564 636 1649 agnitus
685 1569 788 1627 est
833 1568 910 1627 ut
953 1567 1349 1648 procurator
1372 1560 1675 1649 imperii3
1725 1562 1779 1626 si
1824 1564 2119 1628 secundo
2144 1563 2292 1629 1666
2318 1564 2704 1651 accipimus,

364 1669 822 1736 Cassandrum
890 1668 1099 1735 etiam
1167 1675 1324 1756 post
1388 1669 1603 1756 patris
1674 1676 1962 1735 mortem
2044 1670 2234 1736 nullo
2304 1671 2437 1737 alio
2504 1673 2705 1737 modo

361 1800 570 1864 quam
619 1784 824 1842 antea
867 1775 1101 1842 favere
1168 1777 1541 1863 perrexisse
1609 1777 1813 1862 hujus
1883 1778 2190 1864 partibus
2249 1786 2317 1843 et
2364 1779 2597 1844 61111616
2618 1783 2702 1862 2);

364 1906 519 1950 cum
589 1884 837 1949 deinde
903 1883 1094 1950 nullo
1161 1883 1308 1949 loco
1376 1885 1738 1970 quicquam
1804 1891 2040 1972 pateat
2110 1886 2196 1950 de
2264 1886 2366 1951 ira
2437 1887 2579 1972 ejus
2635 1888 2706 1951 in

363 1991 814 2079 Antipatrum
877 1998 1157 2078 propter
1223 1990 1702 2057 contumeliam
1773 2013 1908 2076 qua
1966 1998 2164 2080 pater
2230 2015 2386 2058 eum
2446 1992 2706 2077 affecit3

363 2121 520 2165 cum
585 2100 866 2186 insuper
930 2096 1317 2185 Antigonus
1363 2098 1587 2185 prisca
1633 2098 1934 2164 amicitia
2000 2120 2163 2185 erga
2208 2108 2471 2187 patrem
2515 2123 2708 2188 prae-

364 2213 552 2272 texto
621 2229 783 2272 usus
852 2207 1244 2272 societatem
1313 2227 1469 2270 cum
1513 2204 1655 2270 filio
1693 2205 1925 2271 inierit
1945 2210 2027 2288 3);
2091 2206 2146 2270 si
2194 2207 2400 2273 etiam
2444 2214 2710 2272 constat

365 2313 966 2402 Polysperchontis
1015 2313 1474 2378 conditionem
1518 2314 1590 2377 in
1631 2312 1918 2399 imperio
1978 2334 2109 2379 non
2160 2335 2312 2378 eam
2358 2313 2586 2397 fuisse,
2632 2321 2709 2379 ut

366 2423 424 2486 ei
476 2443 740 2486 summa
807 2442 912 2484 res
956 2420 1508 2503 committeretur,
1577 2427 1646 2484 et
1692 2420 1747 2484 si
1800 2427 2139 2507 postremo
2185 2419 2331 2486 loco
2378 2422 2711 2487 rationem

364 2528 696 2593 habemus
745 2529 831 2591 de
871 2528 1238 2615 prudentia
1282 2527 1428 2612 ejus
1475 2534 1545 2592 et
1581 2528 1966 2592 reverentia
2003 2549 2165 2613 erga
2186 2527 2616 2593 nobilitatem
2637 2532 2709 2613 4),

365 2657 543 2722 quae
583 2657 745 2701 sane
793 2634 1086 2700 debilem
1135 2634 1277 2721 ejus
1322 2635 1729 2723 positionem
1773 2635 2100 2719 indicant,
2147 2642 2294 2700 tum
2333 2637 2518 2701 nisus
2561 2635 2710 2703 1666

365 2743 652 2808 Diodori
702 2742 803 2807 18.
831 2744 937 2808 54.
963 2743 1005 2806 2
1029 2742 1082 2827 5)
1122 2743 1446 2830 suspicari
1495 2743 1712 2807 ausim
1758 2764 1931 2826 eum,
1980 2741 2211 2808 doloso
2258 2742 2486 2829 aliquo
2510 2745 2712 2810 modo

369 2873 411 2915 a
459 2849 756 2915 factione
803 2848 1082 2936 politica
1130 2849 1620 2936 potentissima,
1661 2849 2029 2937 Antipatro
2052 2857 2278 2914 autem
2302 2851 2711 2934 adversaria,

367 2963 673 3021 creatum
721 2977 884 3039 esse,
958 2962 1025 3021 et
1094 2977 1323 3021 senem
1384 2955 1775 3043 capularem
1819 2957 2019 3022 rebus
2092 2962 2400 3022 coactum
2448 2980 2591 3023 esse
2636 2965 2714 3022 ut

371 3085 531 3127 eum
577 3063 649 3127 in
698 3084 979 3128 munere
1029 3084 1149 3127 suo
1194 3062 1642 3128 confirmaret.

461 3170 654 3235 Vires
722 3170 934 3256 igitur
1000 3167 1363 3234 Cassandri
1430 3170 1591 3234 inde
1662 3170 1748 3235 ab
1818 3170 2015 3236 initio
2060 3171 2244 3236 haud
2293 3172 2713 3259 spernendae

371 3284 603 3358 erant;
654 3277 941 3342 Graecia
985 3283 1055 3342 et
1097 3276 1544 3363 potentissimi
1593 3277 1796 3341 duces
1844 3276 2215 3342 Alexandri
2255 3279 2317 3341 ei
2364 3276 2713 3343 favebant.

367 3383 881 3472 Polysperchon
923 3385 1040 3470 qui
1089 3382 1260 3447 nihil
1300 3382 1485 3447 aliud
1526 3389 1883 3471 expectare
1908 3383 2151 3470 potuit,
2178 3406 2383 3470 quam
2407 3391 2485 3448 ut
2505 3391 2714 3450 certa-

374 3515 539 3557 men
584 3492 713 3557 sibi
754 3491 932 3557 foret
976 3513 1130 3557 cum
1178 3492 1519 3556 acerrimis
1559 3490 1983 3574 adversariiS,
2008 3498 2371 3577 postquam
2394 3491 2717 3577 cognovit

428 3760 476 3827 1>
514 3760 670 3815 Diod.
712 3760 794 3815 18.
833 3759 920 3815 50.
958 3759 1007 3813 2.

428 3849 477 3914 2)
516 3850 673 3905 Diod.
714 3850 801 3903 18.
837 3849 921 3904 55.
943 3851 991 3903 2.
1037 3847 1349 3912 Κάσσανδρος
1385 3850 1473 3910 μὲν
1497 3888 1506 3899 .
1531 3889 1542 3901 .
1568 3887 1578 3898 .
1602 3853 1700 3898 τῶν
1736 3851 1871 3898 κατὰ
1889 3849 1980 3906 τὴν
2000 3847 2227 3898 Ἑλλάδα
2249 3851 2432 3898 πόλεων
2452 3845 2715 3909 ἀνθέξεται

371 3938 460 3988 διὰ
512 3941 574 3988 τὸ
627 3941 722 3995 τὰς
777 3939 865 4001 μὲν
919 3937 1081 3988 αὐτῶν
1137 3940 1400 4001 πατρικαῖς
1456 3940 1680 4001 φρουραῖς
1734 3939 2072 4001 φυλάττεσθα
2074 3958 2229 3993 .....
2252 3935 2582 4001 κυριευομένας
2622 3935 2717 3987 ὑπὸ

371 4034 472 4078 τῶν
509 4028 836 4090 Ἀντιπάτρου
874 4028 1028 4091 Φίλων
1064 4026 1150 4077 καὶ
1187 4025 1345 4090 ξένων,

430 4117 481 4183 3)
519 4117 675 4172 Diod.
699 4117 781 4171 18.
821 4118 905 4171 54.
927 4119 974 4171 4.
1015 4121 1192 4168 Ταῦτα
1230 4115 1511 4180 δ”έπραττε
1548 4118 1878 4187 (Antigonus
1899 4118 2040 4181 scil.)
2077 4115 2474 4181 προσποιούμενος
2510 4115 2593 4167 διὰ
2626 4117 2718 4175 τὴν

375 4209 491 4270 πρὸς
529 4209 853 4270 Ἀντίπατρον
891 4207 1062 4270 φιλίαν
1099 4209 1357 4271 συνεργεῖν.

428 4296 475 4362 4)
514 4296 667 4351 Diod.
706 4297 791 4351 18.
832 4297 917 4351 55.
959 4296 1006 4351 1.
1046 4298 1112 4352 cf.
1152 4298 1305 4353 Diod.
1351 4298 1433 4351 18.
1472 4297 1557 4351 69.
1598 4298 1648 4351 4.

429 4385 478 4449 5)
514 4386 669 4440 Diod.
726 4386 810 4441 18.
869 4387 953 4440 54.
1012 4387 1059 4440 2.
1129 4392 1274 4450 Ὁρῶν
1339 4385 1395 4436 δὲ
1448 4386 1539 4444 τῆν
1594 4384 1878 4438 Μακεδόνων
1932 4387 2078 4449 ὁρμὴν
2132 4384 2413 4448 κεκλιμένην
2467 4387 2579 4447 πρὸς
2633 4387 2719 4434 τὸν

378 4473 818 4539 Πολυσπέρχοντα.
