3338 5350
1579 523 1664 587 37

453 727 741 807 utraque
810 742 967 808 pars
1015 742 1096 784 ea
1139 720 1479 803 retineret,
1544 742 1719 805 quae
1766 740 1845 784 eo
1893 725 2197 805 tempore
2250 739 2382 802 quo
2427 740 2563 805 pax
2600 719 2796 784 fieret

452 828 826 915 possideret
872 827 1044 913 („uti
1087 826 1516 914 possidetis”)
1540 825 1612 911 ¹).
1659 825 1755 892 Ut
1794 848 2024 891 omnes
2071 825 2232 891 socii
2274 825 2794 891 Atheniensium

450 936 639 1022 pacis
684 934 1050 1022 participes
1096 935 1356 1016 fierent,
1383 933 1683 1020 exceptis
1709 933 2186 1016 PhocensibuS‚
2212 931 2433 997 Haliis
2475 939 2544 997 et
2568 932 2794 998 Oerso-

459 1040 684 1129 blepte
735 1041 1063 1106 Thraciae
1113 1063 1273 1127 rege
1300 1043 1370 1122 2).

545 1148 590 1213 J
594 1171 705 1212 am
774 1170 978 1235 supra
1047 1152 1645 1213 commemoratum
1691 1154 1794 1211 est
1841 1147 2176 1231 quomodo
2220 1147 2581 1235 Philippus
2627 1147 2795 1212 fines

456 1276 607 1320 suos
653 1257 725 1320 in
773 1255 1062 1320 Thracia
1109 1254 1371 1319 auxerit
1418 1259 1784 1339 antequam
1826 1275 2067 1340 pacem
2090 1275 2245 1318 cum
2267 1254 2797 1320 Atheniensibus

453 1363 756 1427 firmaret
816 1372 1047 1449 (supra
1091 1384 1156 1449 p.
1204 1362 1335 1444 27),
1406 1382 1587 1425 1111110
1656 1369 1882 1425 autem
1949 1382 2119 1448 pace
2187 1362 2573 1445 constituta,
2643 1383 2799 1425 cum

454 1469 906 1536 Phocensium
952 1469 1123 1533 duce
1168 1467 1505 1533 Phalaeco
1552 1490 1752 1554 agere
1774 1469 2093 1556 perrexit,
2140 1467 2260 1553 qui
2282 1468 2555 1554 prodita
2574 1468 2799 1555 patria

457 1577 666 1641 saltus
716 1574 1326 1662 Thermopylarum
1394 1574 1540 1659 regi
1583 1575 1891 1655 tradidit,
1959 1597 2038 1639 ea
2098 1574 2485 1640 conditione
2532 1580 2608 1637 ut
2652 1573 2798 1660 ipse

457 1688 526 1747 et
570 1683 819 1748 milites
865 1681 1010 1768 ejus
1055 1682 1425 1747 incolumes
1473 1681 1740 1746 abirent
1760 1679 1830 1764 3).

545 1790 734 1855 Haec
823 1812 929 1854 res
997 1811 1200 1853 causa
1267 1787 1402 1853 fuit
1469 1811 1588 1853 cur
1655 1789 2034 1853 Phocenses
2104 1810 2246 1853 sese
2308 1810 2447 1853 non
2508 1786 2798 1875 amplius

458 1896 826 1963 defendere
891 1897 1256 1983 potuerint,
1329 1917 1470 1961 sese
1534 1879 1795 1961 dedere·
1841 1896 2199 1960 Macedoni
2269 1895 2483 1960 coacti
2568 1895 2703 1959 sint
2724 1897 2797 1978 4),

459 2005 576 2090 qui
621 2027 745 2092 per
785 2002 1274 2090 Thermopylas
1322 2024 1518 2089 agros
1564 2024 1797 2067 eorum
1841 2003 2202 2088 ingressus,
2250 2002 2395 2067 sine
2433 2002 2802 2066 certamine

457 2110 843 2176 universam
911 2110 1258 2195 regionem
1332 2110 1694 2197 occupavit
1716 2109 1789 2193 ⁵),
1866 2109 2100 2174 eodem
2171 2109 2373 2174 modo
2421 2131 2554 2194 quo
2600 2109 2799 2173 urbes

457 2218 811 2282 Boeoticas
858 2239 1031 2303 quae
1077 2238 1233 2282 cum
1275 2215 1736 2282 Phocensibus
1784 2221 2114 2280 steterant
2132 2214 2207 2297 6).

546 2326 652 2390 De
693 2332 871 2390 sorte
919 2331 1146 2389 autem
1190 2323 1641 2389 Phocensium
1689 2322 1773 2386 ab
1821 2322 2441 2410 Amphictyonibus
2465 2323 2802 2388 Boeoticis

462 2441 530 2497 et
596 2431 998 2497 Thessalicis
1069 2432 1299 2497 statim
1370 2454 1410 2496 a
1454 2430 1777 2518 Philippo
1838 2431 2225 2496 convocatis
2290 2436 2370 2494 ut
2411 2452 2517 2496 res
2563 2430 2801 2517 templi

462 2538 776 2625 Delphici
815 2539 890 2602 in
936 2539 1280 2624 integrum
1323 2539 1778 2621 restituerent,
1827 2539 2129 2603 decisum
2167 2543 2270 2602 est
2293 2536 2360 2622 7),
2409 2560 2562 2602 cum
2585 2537 2803 2601 hiero-

461 2667 853 2711 mnemones
892 2644 1108 2711 Attici
1158 2651 1227 2710 et
1272 2644 1594 2732 Spartani
1640 2643 1925 2712 concilio
1966 2664 2104 2709 non
2149 2645 2555 2710 interessent
2576 2642 2645 2734 8).

549 2753 840 2818 Decreto
911 2752 1493 2840 Amphictyonum
1555 2753 1937 2818 Phocenses
1989 2751 2270 2817 concilio
2315 2751 2804 2816 hieromnemo-

462 2881 626 2923 num
675 2859 1146 2944 excluduntur,
1197 2859 1330 2924 duo
1379 2859 1724 2946 suffragia,
1797 2882 1971 2945 quae
2010 2859 2232 2923 adhuc
2275 2858 2600 2941 tulerunt,
2646 2857 2805 2922 Phi-

462 2966 650 3053 lippo
698 2965 1116 3050 deferuntur,
1163 2966 1273 3031 cui
1317 2967 1445 3032 hoc
1469 2967 1669 3032 modo
1702 2968 1898 3054 copia
1938 2967 2099 3031 data
2125 2971 2244 3048 est,
2270 2970 2350 3029 ut
2381 2965 2806 3030 voluntatem

465 3094 657 3137 suam
700 3073 1361 3168 hieromnemonibus
1408 3074 1803 3139 obtruderet
1824 3074 1897 3158 9).
1948 3073 2196 3139 Omnes
2235 3072 2436 3137 urbes
2467 3072 2805 3156 PhocidiS,

464 3179 633 3244 Abis
704 3180 1020 3267 exceptiS,
1092 3180 1359 3245 dirutae
1404 3186 1580 3265 sunt,
1630 3180 1919 3267 dispersi
1973 3185 2130 3244 sunt
2174 3178 2436 3244 incolae
2482 3179 2555 3242 in
2601 3180 2806 3262 vicos,

466 3287 585 3371 qui
628 3308 765 3351 non
809 3286 964 3374 plus
1011 3287 1511 3378 quinquaginta
1555 3286 1835 3352 familiis
1882 3291 2285 3368 constarent,
2336 3307 2524 3349 arma
2557 3283 2807 3349 habere

517 3587 567 3654 1)
607 3589 891 3644 Demosth.
931 3590 1016 3643 82.
1058 3591 1126 3643 22
1164 3606 1280 3658 sqq.
1319 3590 1404 3644 83.
1444 3591 1514 3645 10
1551 3608 1654 3659 sqq

508 3679 568 3757 ²2)
607 3679 890 3733 Demosth.
961 3680 1080 3733 395.
1147 3679 1230 3732 25.
1297 3685 1479 3742 πρῶτον
1551 3682 1639 3742 μὲν
1695 3682 1853 3733 τοίνυν
1908 3679 2103 3739 Φωκέας
2158 3680 2443 3738 ἐκσπόνδους
2500 3681 2588 3730 καῖ
2645 3683 2810 3738 ‘Anile

468 3766 721 3831 ἀπέφηναν
759 3769 846 3818 καὶ
883 3767 1268 3830 Κερσοβλέπτην.
1305 3770 1419 3823 ibid
1456 3770 1576 3823 385.
1616 3771 1704 3824 13.
1743 3771 1993 3825 Aeschin.
2033 3773 2255 3836 Parapr.
2295 3771 2380 3824 85.

521 3855 568 3924 3)
605 3858 759 3912 Diod.
798 3859 880 3911 16.
920 3858 1005 3911 59.
1044 3858 1093 3910 3.
1132 3858 1383 3912 Aeschin.
1423 3859 1650 3928 Parapr.
1696 3858 1814 3912 138.
1857 3860 1975 3913 140.

522 3945 570 4011 4)
609 3948 762 4001 Diod.
800 3948 873 4001 l.l.
914 3948 1100 4002 Justin
1146 3947 1194 4001 8.
1232 3947 1282 4001 5.
1323 3948 1374 4004 2.
1419 3951 1505 4016 „et
1542 3947 1831 4017 Philippus
1871 3948 2145 4002 excidium
2185 3948 2517 4013 minabatur,
2561 3950 2619 4002 ni
2654 3950 2812 4002 fieret

469 4034 728 4091 deditio.”
765 4036 1049 4090 Demosth.
1086 4036 1209 4089 358.
1250 4036 1333 4098 28.

523 4124 570 4188 5)
608 4124 887 4179 Demosth.
927 4125 1048 4179 360.
1088 4126 1148 4184 9:
1187 4124 1307 4179 365.
1359 4125 1437 4178 18.

511 4214 563 4277 6)
600 4215 850 4269 Aeschin.
891 4216 1116 4284 Parapr.
1156 4215 1280 4269 141.

523 4302 570 4372 7)
608 4304 759 4360 Diod.
805 4305 887 4357 16.
925 4304 1010 4358 59.
1049 4305 1098 4357 4.
1138 4304 1420 4359 Demosth.
1461 4305 1581 4358 356.
1624 4306 1710 4361 21.

525 4392 571 4449 8)
610 4393 894 4447 Demosth.
933 4394 1018 4447 60.
1057 4394 1141 4448 20.

523 4480 575 4549 9)
613 4482 766 4536 Diod.
810 4483 893 4538 16.
933 4483 1018 4537 60.
1059 4484 1105 4536 1.
1144 4484 1299 4538 Paus.
1341 4483 1422 4538 10.
1460 4484 1511 4537 3.
1549 4485 1610 4548 33
1651 4486 1733 4539 10.
1773 4485 1823 4539 8.
1863 4487 1924 4551 2;
1965 4486 2247 4540 Demosth.
2281 4486 2402 4540 446.
2441 4487 2493 4541 6.
