3338 5350
1590 524 1676 589 67

462 720 833 809 Antipatro
878 721 1189 785 inimicus
1235 719 1346 785 vel
1391 718 1646 784 bellum
1691 740 1847 784 cum
1892 740 1970 783 eo
2016 718 2242 804 gessit,
2289 740 2528 806 pacem
2574 724 2800 784 autem

465 828 764 892 restituit
778 825 854 914 1),
928 833 995 891 et
1061 848 1239 892 anno
1286 826 1415 890 326
1455 838 1611 891 cum‘
1671 825 2157 913 supplementis
2207 825 2293 890 ad
2338 820 2803 890 Alexandnnn

464 935 542 998 in
608 935 877 999 Indiam
936 934 1250 1021 pervenit
1271 934 1341 1013 2).
1402 931 1552 997 Oris
1622 938 1856 997 autem
1903 931 2257 997 maritimis
2303 931 2508 997 Ponti
2554 930 2805 997 Euxini

466 1040 1000 1106 occidentalibus
1086 1046 1153 1104 et
1216 1037 1877 1126 septentrionalibus»,
1952 1060 2125 1124 quae
2191 1040 2381 1125 regio
2463 1038 2806 1103 interdum

470 1148 762 1212 Thracia
800 1153 1102 1230 vocatur,
1148 1147 1310 1212 vivo
1348 1145 1739 1212 Alexandro
1777 1146 2117 1232 Zopyrion
2159 1144 2542 1233 praefectus
2569 1151 2714 1210 erat
2734 1143 2804 1227 ³).

466 1254 926 1320 Nihilominus
995 1254 1361 1341 Antipatro
1429 1252 1749 1319 universa
1814 1259 2134 1340 praetura
2206 1254 2413 1319 totius
2473 1254 2805 1339 Europae,

472 1384 633 1447 ergo
704 1382 935 1426 earum
980 1382 1249 1447 quoque
1301 1362 1678 1446 regionum,
1749 1381 1927 1425 anno
1975 1360 2104 1424 336
2152 1359 2506 1426 commissa
2568 1364 2713 1424 erat
2733 1357 2807 1444 4),

470 1491 628 1533 cum
697 1469 931 1533 eodem
1000 1476 1302 1555 tempore
1373 1468 1845 1533 auctoritatem
1906 1467 2162 1553 regiam
2230 1473 2567 1532 exerceret
2628 1468 2697 1531 et
2739 1467 2810 1530 in

469 1575 698 1661 regnis
759 1596 796 1638 e
855 1573 1256 1640 Macedonia
1314 1573 1792 1662 pendentibus,
1853 1580 1930 1638 ut
1991 1574 2064 1638 in
2116 1573 2372 1661 Illyria,
2431 1574 2636 1662 Epiro
2682 1579 2808 1639 cet.

475 1681 719 1767 quibus
802 1680 1121 1767 gentibus
1208 1687 1439 1746 tamen
1524 1702 1661 1746 non
1718 1682 2086 1747 admodum
2157 1687 2466 1768 acceptus
2560 1678 2704 1746 erat
2733 1683 2807 1764 5),

473 1789 544 1853 et
632 1789 704 1852 in
770 1788 1138 1875 provinciis
1199 1787 1579 1853 Memnonis
1641 1794 1712 1853 et
1755 1788 2179 1875 ZopyrioniS,
2229 1812 2312 1853 ex
2368 1810 2502 1875 qua
2549 1808 2622 1852 re
2676 1788 2808 1852 dis-

475 1895 814 1961 sensiones
880 1894 1041 1959 illae
1121 1915 1274 1958 cum
1341 1894 1703 1959 Memnone
1772 1901 1959 1960 ortae
2031 1900 2207 1959 sunt.
2298 1893 2519 1980 Major
2585 1900 2811 1959 autem

475 2000 677 2086 hujus
737 2007 1035 2087 potestas
1090 1998 1237 2085 jam
1302 2000 1424 2065 sub
1490 1999 1879 2066 Alexander
1928 2001 2242 2089 apparuit
2292 2023 2374 2066 ex
2416 2001 2563 2089 ipso
2612 2000 2812 2066 titulo

483 2108 867 2192 „crpoernybc
936 2107 1462 2191 αὐτοκρατώρ”6).

566 2213 797 2280 Status
868 2221 935 2280 et
1004 2235 1247 2280 munus
1318 2220 1744 2303 satraparum
1830 2215 1953 2280 sub
2034 2213 2426 2281 Alexandro
2493 2235 2814 2302 magnam

476 2328 744 2410 partem
789 2322 1007 2408 magis
1053 2322 1635 2408 circumscriptum
1662 2330 1831 2406 erat,
1879 2343 2083 2408 quam
2132 2322 2255 2387 sub
2277 2321 2814 2410 praecessoribus

476 2430 625 2514 ejus
672 2427 979 2493 Persicis.
1073 2427 1215 2494 Sub
1263 2426 1655 2494 Alexandro
1700 2427 1874 2493 nihil
1910 2429 1993 2494 iis
2031 2429 2381 2516 competiit
2424 2429 2555 2494 nisi
2603 2428 2815 2493 admi·

475 2536 789 2601 nistratio
858 2557 1083 2605 rerum
1163 2535 1468 2600 civilium
1557 2534 1949 2622 provinciae
2038 2558 2230 2618 suae;
2319 2535 2817 2601 administratio

393 2654 404 2660 “
478 2642 721 2709 aerarii
768 2643 853 2708 ad
905 2663 1016 2708 eos
1062 2663 1195 2708 non
1239 2642 1646 2730 pertinebat,
1692 2664 1913 2729 neque
1929 2640 2040 2728 jus
2062 2643 2486 2730 percutiendi
2507 2665 2818 2709 nummos
2910 2662 2923 2673 ·

475 2750 563 2815 iis
605 2771 1000 2815 concessum
1050 2756 1213 2833 erat,
1261 2771 1367 2814 res
1414 2749 1727 2817 militaris
1775 2771 1887 2815 eos
1933 2771 2071 2815 non
2120 2750 2501 2838 attingebat
2522 2751 2594 2835 ⁷).
2662 2752 2819 2817 Non

480 2864 816 2944 satrapae,
881 2856 998 2921 sed
1048 2856 1164 2921 alii
1209 2862 1551 2942 praetores
1612 2856 1942 2921 militibus
1979 2855 2370 2944 provinciae
2416 2856 2624 2942 vulgo
2670 2879 2818 2923 ver-

474 2962 739 3029 naculis
805 2961 1172 3050 praepositi
1242 2969 1454 3046 erant,
1526 2962 1676 3028 aliis
1723 2964 1795 3028 in
1842 2964 2207 3051 provinciis
2249 2964 2559 3028 ἐπίσκοποι
2606 2964 2820 3030 nomi-

476 3076 750 3153 nantur,
796 3070 871 3133 in
919 3069 1069 3134 aliis
1119 3076 1350 3136 autem
1400 3069 1754 3150 στρατηγοί.
1820 3068 2128 3135 Fuerunt
2176 3071 2380 3135 etiam
2426 3070 2820 3157 provinciae

477 3177 601 3243 ubi
646 3199 752 3242 res
797 3176 1108 3241 militaris
1156 3176 1335 3241 inter
1380 3177 1608 3264 plures
1654 3183 1998 3265 praetores
2039 3177 2259 3243 divisa
2305 3183 2467 3242 erat.
2559 3178 2821 3265 Excep-

534 3407 583 3474 1)
622 3407 780 3461 Diod.
817 3408 900 3460 17.
939 3407 1026 3461 62.
1063 3407 1112 3461 5.
1153 3410 1209 3462 et
1250 3407 1336 3460 17.
1373 3408 1458 3462 63.
1499 3409 1546 3462 1.
1587 3407 1839 3479 Droysen
1877 3409 1924 3463 1.
1970 3410 2015 3462 1.
2055 3409 2160 3463 393
2197 3426 2322 3463 ann.
2365 3410 2414 3463 1.

534 3496 584 3562 2)
622 3496 844 3564 Curtius
880 3496 929 3550 9.
971 3496 1020 3550 3.
1062 3497 1144 3549 21.
1185 3496 1381 3568 Droys.
1423 3497 1471 3550 1.
1512 3498 1561 3552 2.
1601 3497 1703 3551 171
1742 3515 1867 3552 ann.
1906 3499 1958 3552 2.
2622 3551 2625 3552 ⁷

536 3584 582 3652 3)
620 3586 816 3640 Justin.
856 3585 938 3638 12.
978 3586 1027 3638 2.
1070 3586 1152 3639 16.
1197 3586 1420 3641 Curtius
1464 3586 1547 3640 10.
1590 3588 1637 3641 1.
1677 3587 1761 3641 43.
1808 3587 2102 3656 „Thraciae
2138 3586 2539 3658 praeposituS.'’

535 3673 585 3737 4)
624 3675 833 3728 Arrian.
872 3673 921 3726 1.
961 3674 1009 3726 7.
1045 3675 1107 3742 6;
1147 3675 1194 3728 1.
1233 3675 1314 3729 11.
1357 3676 1419 3739 3;
1456 3676 1504 3729 3.
1545 3676 1627 3729 16.
1667 3676 1766 3745 10;
1797 3678 1993 3733 Justin.
2036 3679 2121 3732 11.
2162 3679 2211 3731 7.
2251 3679 2298 3731 1.
2348 3678 2505 3732 Diod.
2545 3678 2626 3731 17.
2667 3677 2823 3732 175.

480 3763 571 3817 17.
630 3762 747 3817 118.
803 3764 862 3826 1;
922 3763 1133 3817 Arrian.
1188 3765 1319 3819 Exc.
1383 3764 1415 3832 ἓ
1470 3765 1519 3818 3.
1578 3767 1904 3829 Ἀντίπατρον
1954 3770 2233 3831 στρατηγὸν
2280 3764 2397 3817 εἶναι
2433 3771 2529 3815 τῶν
2565 3768 2699 3816 κατὰ
2733 3765 2823 3823 τὴν

482 3849 729 3916 Εὐρώπην.
767 3852 1051 3922 Dexippus
1087 3852 1151 3905 fr.
1195 3852 1243 3906 1.

540 3940 587 4009 5)
626 3941 692 3995 cf.
732 3941 928 3995 Justin.
968 3942 1052 3994 12.
1095 3941 1178 3994 14.
1217 3943 1266 3995 4.

540 4027 586 4096 6)
626 4029 853 4099 Dexipp.
903 4030 969 4083 fr.
1020 4032 1066 4085 1.
1121 4030 1357 4096 (Ml‘iller,
1407 4031 1463 4086 F.
1515 4032 1581 4085 H.
1632 4032 1695 4087 G.
1747 4034 1796 4087 3.
1835 4052 1887 4104 p.
1928 4033 2056 4095 668)
2110 4034 2413 4097 Αντίπατρος
2449 4035 2546 4092 (3⁹.
2585 4034 2712 4100 323)
2748 4031 2830 4084 ἐπὶ

478 4121 612 4168 πᾶσι
653 4117 900 4168 Μακεδόσι
942 4118 1028 4168 καὶ
1071 4118 1300 4179 (Ἐλλησι,
1336 4119 1422 4170 καὶ
1459 4122 1707 4183 Ἰλλυρίοις
1743 4121 1829 4171 καὶ
1863 4124 2161 4184 Τριβαλλοῖς
2198 4122 2285 4172 καὶ
2329 4121 2575 4187 Ἀγριᾶά-ι,
2612 4122 2696 4173 καὶ
2733 4123 2828 4173 ὅσα

479 4209 579 4263 τῆς
618 4207 836 4269 Ἠπείρου
875 4204 1005 4268 ἐξέτι
1044 4206 1361 4272 Ἀλεξάνδρου
1397 4213 1677 4274 στρατηγὸς
1715 4209 2027 4274 αὒτοκράτωρ
2065 4209 2322 4263 ἐτέτακτο.

540 4294 586 4364 7)
627 4296 692 4349 cf.
751 4298 810 4350 A.
867 4315 975 4351 von
1013 4297 1380 4354 Gutschmidt.
1420 4299 1746 4355 Geschichte
1785 4302 1941 4356 Irans
1979 4303 2098 4357 und
2140 4303 2319 4357 seiner
2357 4302 2826 4367 Nachbarlanden

480 4384 593 4440 mit
629 4384 878 4439 Vorwort
913 4402 1022 4440 von
1060 4386 1154 4439 Th.
1193 4388 1458 4442 Noldeke.
1495 4389 1795 4459 Tubingen,
1843 4389 1997 4444 1888.
2036 4409 2087 4461 p.
2113 4391 2255 4445 6—8
2307 4392 2372 4445 cf.
2394 4392 2561 4446 etiam
2580 4391 2830 4464 Droysen

480 4474 538 4528 2.
587 4472 636 4524 1.
676 4490 727 4542 p.
775 4473 844 4526 22
883 4477 938 4528 et
974 4474 1056 4528 91.
2662 4473 2669 4478 ’
