3338 5350
1673 523 1762 588 38

545 694 627 758 iis
672 698 999 780 negassum
1045 698 1148 757 est
1168 692 1238 771 1).
1287 691 1509 778 Agros
1558 698 1787 757 autem
1832 714 1985 758 suos
2044 693 2471 758 retinuerunt
2517 715 2554 759 e
2603 714 2887 778 quorum

544 800 873 866 reditibus
942 799 1302 887 quotannis
1369 799 1870 886 quinquaginta
1935 800 2196 865 talenta
2264 799 2572 888 Apollini
2634 799 2886 887 persol-

544 911 771 975 venda
841 914 1034 973 erant
1055 908 1127 993 ²),
1176 902 1414 973 ‘donec
1484 930 1817 972 summam
1884 909 1956 972 in
2015 908 2283 973 tabulas
2331 907 2665 994 sacrilegii
2711 913 2883 972 tem·

545 1038 708 1103 pore
778 1015 1065 1079 relatam
1111 1014 1553 1079 exsolvissent
1581 1013 1657 1098 3).
1707 1013 1917 1079 Arma
1976 1014 2426 1079 Phocensium
2474 1019 2543 1079 et
2586 1035 2883 1079 mercen-

547 1122 888 1187 nariorum
940 1145 979 1186 a
1017 1121 1338 1208 Philippo
1383 1119 1733 1186 confracta
1783 1128 1960 1205 sunt,
1987 1143 2217 1187 eorum
2242 1123 2399 1208 equi
2423 1122 2784 1186 venierunt
2810 1120 2884 1205 4).

545 1229 799 1294 Exules
888 1229 1356 1311 Phocensium‚
1452 1236 1518 1293 et
1607 1235 1944 1314 quotquot
2023 1229 2097 1293 in
2178 1234 2442 1316 parbem
2550 1228 2885 1313 sacrilegii

545 1342 897 1420 venerant,
958 1335 1334 1423 piaculares
1404 1335 1621 1401 habiti
1685 1341 1858 1418 sunt,
1909 1358 2075 1421 quos
2124 1359 2208 1400 ex
2253 1337 2438 1400 omni
2483 1335 2629 1401 loco
2676 1340 2884 1400 retra-

547 1443 709 1510 here
821 1443 1035 1509 cuivis
1104 1442 1313 1508 licuit.
1407 1442 1812 1529 Pythiorum
1879 1442 2026 1507 ludi
2097 1441 2380 1530 posthac
2456 1464 2496 1507 a
2564 1442 2885 1529 Philippo

549 1572 703 1615 cum
754 1549 1027 1615 Boeotis
1075 1556 1143 1614 et
1189 1549 1526 1615 Thessalis
1574 1550 1741 1615 editi
1785 1556 1961 1633 sunt,
1992 1548 2542 1635 quandoquidem
2588 1547 2887 1634 complu-

543 1680 651 1723 res
696 1665 933 1744 genbes
980 1657 1268 1722 Doricae
1337 1657 1603 1722 sceleris
1671 1656 1744 1720 in
1811 1656 2145 1744 templum
2204 1654 2541 1720 commissi
2611 1653 2887 1719 fuerunt

544 1765 930 1852 participes,
1026 1763 1211 1842 Quae
1259 1765 1343 1828 ad
1390 1764 1818 1829 instaurandi
1864 1763 2117 1829 oraculi
2181 1783 2412 1827 curam
2450 1760 2885 1848 pertinebant

547 1878 616 1938 et
661 1879 884 1937 cetera
943 1871 1170 1936 omnia
1228 1893 1401 1956 quae
1469 1871 1558 1936 ad
1605 1871 2004 1956 religionem
2044 1876 2113 1934 et
2160 1890 2398 1957 pacem
2461 1889 2886 1933 communem

548 1986 752 2064 atque
797 1979 1226 2065 concordiam
1269 1978 1448 2043 inter
1495 1978 1787 2043 Graecos
1832 1977 2285 2064 pertinebant,
2346 1976 2557 2043 iidem
2616 1975 2882 2041 ordina-

545 2092 708 2150 runt
728 2085 804 2170 ⁵).
897 2086 1387 2173 Praerogativa
1454 2085 1709 2150 oraculi
1776 2083 2099 2172 Philippo
2168 2084 2331 2148 data
2377 2089 2479 2148 est
2542 2082 2630 2166 6);
2680 2082 2882 2169 Spar-

548 2193 691 2257 tani
753 2193 987 2258 eodem
1057 2194 1259 2259 modo
1328 2215 1461 2279 quo
1521 2193 1900 2257 Phocenses
1968 2189 2587 2277 Amphictyonibus
2633 2188 2883 2254 exclusi

546 2306 705 2366 sunt
730 2300 800 2382 ⁷).
873 2300 1144 2366 Moenia
1187 2300 1460 2366 urbium
1504 2298 1979 2364 Boeoticarum
2028 2298 2450 2381 Orchomeni,
2468 2347 2481 2363 .
2501 2296 2882 2362 Coronaeae

548 2412 618 2472 et
684 2406 1084 2490 Corsiarum‚
1155 2428 1329 2493 quae
1408 2428 1563 2472 cum
1615 2404 2077 2472 Phocensibus
2147 2409 2493 2488 steterant,
2543 2405 2884 2469 destructa

548 2519 706 2578 sunt
729 2514 802 2600 8),
850 2514 1034 2579 cives
1082 2514 1309 2579 autem
1353 2514 1598 2577 harum
1642 2512 1915 2578 urbium
1959 2512 2033 2576 in
2079 2511 2480 2577 servitutem
2503 2512 2880 2592 venierunt,

547 2625 694 2685 'nota
761 2619 1047 2687 Boeotia
1116 2627 1186 2686 et
1249 2643 1408 2709 pars
1475 2619 1794 2685 Phocidis
1842 2618 2183 2684 Thebanis
2228 2618 2484 2684 tradita
2530 2624 2631 2684 est
2655 2617 2722 2698 9).
2793 2618 2887 2683 Et

549 2730 742 2814 quasi
792 2729 961 2794 haec
1002 2730 1229 2795 omnia
1267 2750 1407 2793 non
1463 2728 1624 2792 satis
1675 2735 1916 2811 essent,
1958 2727 2234 2814 insuper
2280 2728 2596 2792 universa
2641 2727 2884 2791 Phocis

549 2842 796 2900 vexata
857 2842 959 2902 est
1018 2835 1391 2902 latrociniis
1437 2836 2052 2899 mercennariorum
2098 2833 2394 2898 militum
2420 2831 2521 2916 ¹⁰),
2559 2833 2759 2897 multi
2802 2854 2885 2897 ex

549 2943 809 3009 civibus
856 2944 1071 3009 coacti
1114 2942 1395 3008 fuerunt
1439 2941 1818 3027 relinquere
1863 2941 2160 3027 patriam
2185 2940 2285 3024 11).

637 3050 931 3117 Omnino
999 3050 1237 3135 negari
1303 3070 1438 3114 non
1509 3053 1737 3135 potest
1804 3069 2059 3113 annum
2123 3047 2321 3112 illum
2388 3047 2520 3112 346
2564 3046 2884 3134 Philippo

602 3327 648 3394 1)
685 3327 844 3381 Diod.
911 3327 983 3379 l.l.
1075 3326 1359 3379 Demosth.
1416 3324 1536 3379 385.
1593 3325 1641 3378 2.
1724 3330 1819 3373 τῶν
1872 3321 2059 3387 ἐχθρῶν
2114 3321 2310 3373 Φωκέων
2364 3322 2503 3387 ἄρδην
2559 3322 2748 3388 ’ὄλεθρος
2800 3322 2886 3373 καὶ

549 3417 666 3467 ὅλων
702 3421 797 3465 τῶν
833 3420 1017 3478 τειχῶν
1054 3413 1142 3463 καὶ
1176 3420 1271 3464 τῶν
1306 3417 1486 3464 πόλεων
1523 3413 1777 3475 ἀναίρεσις.
1814 3415 1977 3468 Paus.
2018 3413 2100 3467 10.
2139 3413 2188 3466 3.
2229 3414 2278 3466 2.

603 3506 649 3573 2)
686 3506 925 3560 Dittenb.
967 3504 1083 3558 141.
1128 3505 1245 3558 142.
1287 3504 1404 3557 143.

602 3594 649 3664 3)
686 3596 841 3649 Diod.
863 3595 935 3648 1.l.
981 3593 1352 3648 Persolvenda
1389 3596 1547 3647 erant
1577 3594 1704 3663 plus
1741 3594 1933 3647 decem
1970 3593 2192 3648 milibus
2230 3594 2589 3650 talentorum.
2632 3596 2697 3647 ut
2731 3595 2886 3661 patet

551 3702 621 3738 ex
656 3684 810 3738 Diod.
852 3684 932 3736 16.
972 3684 1057 3736 56.
1098 3683 1146 3735 6.

601 3771 648 3839 4)
685 3772 841 3826 Diod.
879 3772 951 3826 l.l.
989 3771 1271 3827 Demosth.
1309 3772 1429 3825 380.
1469 3772 1553 3825 26.

602 3861 652 3927 5)
689 3861 843 3916 Diod.
883 3862 954 3915 l.l.
993 3861 1244 3916 Aeschin.
1283 3861 1520 3931 Ctesiph.
1560 3861 1679 3914 254.

601 3949 648 4016 6)
685 3950 969 4005 Demosth.
1010 3950 1130 4004 446.
1171 3951 1252 4003 12.
1292 3948 1320 4005 ἧ
1357 3952 1498 4006 πόλις
1535 3947 1587 3998 δὲ
1622 3948 1714 4006 τὴν
1750 3950 2082 4011 προμαντείαν
2119 3948 2381 4015 ἀφῄρηται.

603 4040 649 4105 7)
688 4040 848 4093 Paus.
889 4039 973 4093 10.
1011 4039 1060 4093 8.
1099 4040 1148 4092 2.

601 4126 649 4194 8)
689 4128 751 4181 cf.
795 4128 1055 4183 Schaefer
1090 4129 1139 4181 2.
1177 4127 1279 4181 287
1316 4145 1441 4182 ann.
1479 4129 1527 4182 3.

604 4216 650 4283 9)
689 4217 973 4271 Demosth.
1011 4217 1081 4270 62
1122 4220 1177 4271 et
1197 4217 1317 4270 375.
1339 4216 1388 4270 9.
1412 4217 1597 4271 Schol.
1614 4218 1686 4271 ad
1703 4217 1861 4271 Dem.
1882 4217 1966 4270 69.
1989 4218 2073 4271 10.
2115 4219 2466 4267 Ἀπολωλότων
2504 4215 2698 4265 Φωκέων
2717 4213 2887 4265 δέδωκε

550 4308 657 4364 τοῖς
710 4306 946 4366 Θηβαίοις
981 4307 1007 4355 ὁ
1046 4307 1285 4363 Φίλιππος
1320 4306 1408 4362 τὴν
1446 4304 1705 4367 Κορώνειαν
1745 4304 1832 4354 καῖ
1865 4307 1947 4355 τὸν
1987 4307 2292 4369 Ὀρχομενὸν,
2328 4304 2381 4354 οὗ
2419 4307 2557 4354 κατὰ
2591 4306 2651 4355 τὸ
2689 4302 2886 4354 δίκαιον.

575 4394 652 4457 10)
688 4395 870 4449 Justin
906 4395 953 4448 8.
995 4396 1043 4449 5.

578 4482 651 4550 ’11)
689 4484 971 4538 Demosth.
1008 4485 1129 4538 373.
1171 4485 1267 4551 113
1303 4484 1425 4537 361.
1467 4484 1558 4552 16;
1600 4483 1722 4537 440.
1765 4485 1854 4549 193
1892 4483 2012 4536 446.
2051 4484 2101 4536 6.
2141 4485 2303 4538 Paus.
2343 4482 2427 4536 10.
2465 4482 2515 4536 3.
2553 4483 2604 4536 3.
