3338 5350
1698 497 1785 561 36

571 712 644 776 lii
691 711 1156 797 occupandam
1201 708 1486 774 tradidit
1515 709 1584 791 1),
1651 706 2044 774 Acarnanes
2114 717 2182 774 et
2251 710 2716 778 Ambraciotas
2784 713 2907 778 sibi

571 818 874 903 subjecit.
924 817 1157 883 Factio
1205 816 1387 881 enim
1429 815 1868 881 Acarnanum
1914 815 2230 903 Philippo
2279 818 2685 902 adversaria,
2736 842 2908 905 quae

571 947 726 991 cum
772 927 964 990 sociis
1011 923 1376 989 Hellenicis
1423 930 1659 988 contra
1707 922 2103 1010 Philippum
2124 926 2462 1010 pugnavit
2488 926 2671 1013 apud
2697 925 2908 991 Chae-

570 1053 849 1097 roneam
875 1031 945 1115 2),
1019 1053 1187 1117 pace
1254 1031 1621 1095 constituta
1692 1052 1731 1094 a
1798 1051 1959 1116 rege
2028 1031 2099 1094 in
2171 1029 2446 1095 exilium
2516 1033 2717 1097 missa
2784 1041 2908 1116 est,

570 1138 861 1204 salutem
899 1144 1126 1202 autem
1147 1135 1437 1202 Athenis
1459 1138 1660 1223 petiit
1683 1135 1754 1222 3).
1804 1134 1991 1214 Quae
2015 1158 2120 1202 res
2145 1137 2399 1201 indicat
2421 1137 2815 1225 Philippum
2837 1142 2910 1203 in

569 1245 956 1309 Acarnania
986 1244 1162 1307 hanc
1184 1245 1518 1309 rationem
1542 1243 1937 1308 dominandi
1961 1251 2266 1308 secutum
2299 1265 2459 1327 esse,
2484 1266 2730 1332 nempe
2755 1268 2907 1310 eum

570 1358 904 1437 quantum
927 1350 1072 1415 fieri
1094 1352 1338 1437 potuit,
1360 1351 1832 1415 auctoritatem
1856 1371 2048 1414 suam
2069 1349 2443 1416 firmavisse
2480 1352 2813 1417 mittendo
2837 1355 2910 1417 in

571 1457 848 1523 exilium
885 1458 1306 1522 adversarios
1342 1478 1514 1539 suoS,
1543 1478 1878 1522 summam
1901 1456 2552 1523 administrationem
2576 1459 2910 1526 tradendo

571 1565 631 1629 ei
656 1563 934 1630 factioni
959 1586 1131 1650 quae
1156 1565 1289 1628 suis
1314 1564 1513 1628 rebus
1539 1561 1822 1628 faveret.
1841 1562 2081 1649 Neque
2106 1563 2236 1629 alio
2254 1565 2454 1630 modo
2473 1566 2910 1632 Ambraciam

568 1671 806 1736 urbem
821 1670 945 1736 sibi
964 1671 1326 1736 obnoxiam
1340 1670 1656 1735 reddidit.
1683 1669 1863 1735 Nam
1881 1671 2084 1735 etiam
2101 1669 2210 1734 hic
2226 1671 2638 1738 democratia
2656 1673 2910 1740 abolita

569 1784 688 1860 est,
707 1798 863 1841 cum
886 1778 1159 1863 insuper
1180 1777 1594 1863 praesidium
1610 1776 2122 1842 Macedonicum
2146 1779 2279 1842 arci
2305 1779 2696 1865 impositum
2721 1779 2808 1843 sit
2836 1778 2907 1861 4).

884 2184 923 2262 ξ
967 2179 1066 2247 10.
1134 2176 1262 2247 Res
1308 2176 1634 2261 Graeciae,
1681 2176 1762 2246 de
1810 2175 2121 2263 synedrio
2170 2176 2592 2249 corinthiaco.

663 2377 858 2444 Bello
928 2377 1108 2464 quod
1178 2382 1447 2442 tantum
1518 2396 1655 2440 non
1724 2375 1885 2440 inde
1971 2375 2055 2440 ab
2117 2376 2312 2441 initio
2359 2378 2555 2463 regni
2598 2377 2904 2468 Philippi

569 2485 892 2572 flagravit
990 2484 1171 2548 inter
1267 2483 1715 2548 Athenienses
1801 2487 1869 2547 et
1954 2481 2380 2567 Macedones,
2447 2485 2626 2570 quod
2698 2487 2907 2573 vulgo

569 2598 852 2658 vocatur
918 2591 1170 2655 bellum
1220 2589 1568 2672 sociorum,
1614 2590 1894 2653 tandem
1943 2610 2120 2654 anno
2153 2590 2297 2655 -346
2355 2589 2509 2656 finis
2550 2591 2905 2680 impositus

571 2707 674 2767 est
697 2701 765 2784 5).
815 2700 997 2765 Nam
1033 2720 1187 2764 cum
1230 2720 1446 2784 usque
1488 2697 1574 2762 ad
1614 2697 1797 2762 hunc
1838 2719 2092 2762 annum
2114 2696 2475 2785 Philippus
2499 2697 2668 2764 fines
2691 2700 2904 2787 ipsius

566 2806 893 2873 Graeciae
916 2806 1221 2870 nondum
1245 2804 1597 2890 attigisset,
1616 2809 1781 2867 tunc
1807 2810 2032 2868 autem
2057 2803 2431 2869 Phalaecus
2455 2804 2905 2873 Phocensium

569 2913 727 2996 dux,
779 2912 864 2977 de
911 2911 1110 2975 rebus
1179 2912 1314 2976 suis
1385 2912 1749 2998 desperans
1821 2932 1971 2974 oum
2042 2933 2201 2997 rege
2247 2918 2540 2978 tractare
2576 2915 2907 3001 coepisset

569 3021 654 3086 de
699 3018 1171 3105 Thermopylis
1217 3019 1280 3082 ei
1322 3017 1693 3100 tradendis,
1763 3016 1931 3082 haec
1996 3040 2101 3082 res
2152 3019 2320 3084 adeo
2365 3018 2572 3106 plena
2618 3021 2904 3108 periculi

569 3129 711 3192 visa
760 3133 862 3191 est
906 3122 1452 3208 AtheniensibuS,
1498 3130 1577 3188 ut
1624 3129 1894 3188 auctore
1935 3123 2319 3190 Philocrate
2357 3126 2443 3190 de
2488 3147 2657 3214 pace
2704 3149 2904 3213 agere

565 3234 929 3321 coeperint,
1002 3254 1285 3318 eamque
1352 3252 1531 3296 anno
1599 3232 1731 3296 346
1809 3230 2377 3296 confirmaverint.
2494 3231 2905 3300 Societatem

563 3340 864 3405 inierunt
906 3338 1354 3403 Athenienses
1402 3344 1469 3403 et
1514 3337 1917 3403 Macedones
1940 3335 1988 3420 6)
2049 3337 2154 3403 his
2202 3339 2721 3406 conditionibus.
2807 3341 2902 3407 Ut

615 3564 664 3631 1)
705 3563 904 3618 Strabo
959 3562 1080 3616 427.
1153 3560 1463 3618 Ναόπακτός
1528 3559 1636 3611 ἐστι
1693 3559 1745 3610 δὲ
1799 3564 1876 3609 νῦν
1935 3561 2168 3612 Αἰτωλῶν
2223 3564 2468 3614 Φιλίππου
2519 3566 2898 3628 προσκρίναντος.

564 3651 846 3708 Demosth.
886 3650 1006 3705 120.
1046 3653 1093 3705 1.
1131 3652 1369 3706 Pausan.
1407 3652 1457 3704 6.
1500 3651 1582 3704 16.
1623 3651 1673 3703 2.

614 3741 661 3808 2)
699 3740 937 3795 Dittenb.
977 3740 1098 3794 147.
1137 3758 1186 3795 v.
1226 3741 1291 3793 11
1330 3743 1386 3794 et
1422 3757 1547 3794 ann.
1588 3738 1638 3792 9.

614 3828 661 3896 3)
699 3830 855 3884 Diod.
896 3830 977 3882 17.
1017 3829 1069 3882 3.
1107 3829 1158 3883 3.
1196 3819 1435 3883 Dittenb.
1476 3828 1549 3881 l.l.
1588 3846 1640 3883 v.
1679 3827 1747 3881 25
1785 3825 2042 3879 ἐπαινέσαι
2082 3826 2133 3877 δὲ
2169 3828 2258 3878 καὶ
2293 3830 2409 3887 τοὺς
2429 3829 2677 3896 (ἶίλλ)ο(υς
2697 3834 2901 3898 Ἀκα)ρ..

561 3918 730 3981 (νᾶνας
766 3919 902 3982 *Qube
939 3915 1286 3979 βοηθήσαντας
1307 3956 1318 3969 .
1341 3956 1352 3969 .
1378 3958 1390 3970 .
1415 3955 1426 3968 .
1460 3915 1566 3986 καὶ)
1601 3913 1774 3985 εἷνα(ι)
1796 3914 2027 3985 αὗ(τ)ο”ι’ς,
2062 3917 2150 3976 ’ἕως
2186 3917 2243 3969 ἂν
2280 3917 2627 3984 κατέλθοιεν-ιφ,
2658 3918 2899 3984 'frma-w

560 4004 621 4057 ἦν
657 4005 733 4074 ἂν)
758 4046 768 4058 .
789 4050 800 4062 .
822 4004 1092 4068 βούλωνται
1128 4025 1170 4057 κ.
1206 4025 1253 4057 τ.
1290 4014 1336 4059 λ.

612 4095 662 4159 4)
701 4097 860 4151 Diod.
899 4097 983 4151 17.
1020 4097 1070 4151 3.
1113 4097 1173 4159 33
1210 4097 1262 4151 4.
1301 4096 1350 4150 3.

612 4184 661 4250 5)
698 4186 947 4240 Aeschin.
985 4186 1212 4255 Parapr.
1253 4185 1322 4239 70
1359 4200 1478 4251 sqq.

611 4273 660 4339 6)
697 4274 906 4344 Dionys
961 4275 1058 4343 Ep.
1101 4274 1187 4327 ad.
1223 4274 1405 4328 Amm.
1426 4273 1472 4325 1.
1516 4272 1597 4324 11.
1622 4289 1673 4341 p.
1694 4270 1816 4325 740.
1834 4270 1885 4325 8.
1904 4274 2039 4333 μετὰ
2058 4271 2147 4329 τὴν
2167 4274 2427 4323 Ὀλυνθίων
2447 4275 2642 4334 ἅλωσιν,
2660 4273 2899 4340 ἄρχοντος

561 4360 963 4423 Θεμιστοκλέους,
977 4364 1212 4418 συνθῆκαι
1233 4360 1461 4422 Φιλίππῳ
1483 4360 1593 4420 πρὸς
1612 4359 1906 4416 Ἀθηναίους
1919 4357 2140 4423 ἐγένοντο
2158 4360 2264 4424 περὶ
2281 4363 2453 4425 φιλίας
2469 4362 2557 4413 καῖ
2574 4366 2897 4429 συμμαχίας.

563 4450 844 4505 Demosth.
880 4450 999 4505 385.
1041 4450 1139 4516 13;
1178 4450 1387 4517 84.11;
1424 4435 1660 4502 345.'20.
1700 4448 1948 4503 Aesoffln.
1986 4450 2211 4519 Parapr.
2247 4451 2331 4505 53.
2365 4452 2786 4523 6LinCt0siph.
2807 4454 2894 4508 68.
