3338 5350
1560 520 1692 589 109

495 714 850 784 Postremo
917 716 1063 783 loco
1136 718 1317 805 quod
1385 720 1457 784 in
1522 720 1652 787 hac
1721 720 2155 808 inscriptione
2214 720 2499 787 diversis
2557 721 2749 788 sociis

405 826 661 890 diversi
728 827 990 890 numeri
1062 823 1534 912 suffragiorum
1605 827 2070 892 attribuuntur
2154 828 2239 893 ab
2307 829 2491 894 omni
2552 835 2749 916 parte

402 938 752 1020 repugnat
796 939 1032 998 contra
1077 932 1585 999 memorabilem
1631 932 1823 999 illam
1867 936 2331 1001 evocationem
2375 933 2748 1001 Athenien-

406 1041 588 1105 sium
633 1040 723 1104 ad
766 1039 1150 1105 libertatem
1170 1039 1244 1123 ¹),
1290 1046 1526 1106 contra
1575 1041 2059 1107 democratiam
2102 1048 2181 1107 ut
2216 1043 2375 1108 inde
2399 1042 2484 1108 ab
2508 1042 2750 1108 Antal-

404 1146 606 1211 cidae
648 1168 817 1234 pace
863 1148 933 1211 in
977 1145 1264 1214 Graecia
1308 1147 1878 1235 comprobabatur
1896 1147 1977 1235 2).
2023 1149 2324 1215 Foedere
2362 1150 2543 1215 enim
2568 1150 2748 1236 quod

412 1252 861 1320 Athenienses
909 1275 1088 1320 anno
1136 1254 1268 1320 378
1311 1256 1610 1321 inierunt
1645 1275 1801 1320 cum
1847 1253 2173 1321 insulanis
2213 1256 2493 1342 aliisque
2554 1257 2749 1324 sociis

407 1367 650 1427 contra
713 1360 1032 1449 Spartam
1071 1361 1141 1445 3),
1204 1360 1352 1448 jam
1418 1363 1861 1428 constitutum
1922 1368 2069 1428 erat
2127 1369 2206 1428 ut
2273 1363 2521 1450 singuli
2590 1367 2751 1431 socii

409 1466 683 1552 singula
728 1467 1053 1556 suffragia
1095 1468 1352 1534 ferrent
1374 1469 1444 1553 ⁴),
1492 1491 1700 1556 quam
1746 1469 1832 1535 ob
1877 1490 2023 1535 rem
2059 1471 2386 1558 suspicari
2429 1493 2569 1537 non
2589 1471 2752 1536 licet

406 1576 861 1641 Athenienses
933 1575 1268 1662 flagrante
1330 1575 1530 1659 bello,
1598 1599 1754 1642 cum
1818 1577 1947 1664 ipsi
2014 1576 2155 1642 alta
2218 1598 2387 1643 voce
2452 1576 2748 1664 reliquos

408 1683 707 1748 Graecos
778 1682 868 1747 ad
927 1681 1313 1748 libertatem
1359 1689 1741 1767 evocarent,
1804 1683 2227 1750 condiciones
2265 1680 2504 1749 fecisse
2550 1706 2747 1772 repu-

407 1796 701 1875 gnantes
769 1790 1064 1856 moribus
1130 1788 1426 1873 Graecis,
1475 1812 1650 1876 quae
1695 1792 2068 1856 necessario
2106 1791 2316 1857 socios
2369 1790 2748 1857 offensurae

410 1901 658 1963 essent.
748 1897 876 1962 His
945 1896 1361 1982 argumentis
1427 1898 1629 1981 nisus,
1703 1898 2003 1985 suspicor
2044 1899 2552 1986 inscriptionem
2595 1920 2748 1964 nos·

407 2010 591 2069 tram
629 2003 817 2070 nullo
862 2005 1065 2070 modo
1109 2005 1449 2092 pertinere
1493 2025 1692 2092 posse
1741 2004 1825 2069 ad
1880 2002 2205 2091 suffragia
2243 2028 2284 2071 a
2329 2007 2519 2071 sociis
2566 2005 2746 2073 bello

406 2110 692 2178 Lamico
739 2110 1041 2195 ferenda,
1089 2111 1314 2200 potius
1383 2111 1801 2194 crediderim,
1862 2113 2126 2177 ratione
2171 2111 2407 2178 habita
2451 2113 2541 2178 de
2582 2113 2747 2180 locis

410 2226 483 2284 et
550 2219 846 2285 numeris
910 2239 1058 2283 eam
1102 2224 1407 2306 spectare
1477 2217 1562 2283 ad
1581 2240 1590 2251 ·
1609 2216 1870 2303 legatos
1938 2219 2010 2283 in
2070 2218 2371 2305 singulas
2439 2220 2749 2286 civitates

409 2327 798 2410 mittendos,
849 2326 964 2411 qui
1010 2346 1122 2392 eas
1170 2325 1259 2390 ad
1304 2324 1560 2391 bellum
1605 2326 1971 2391 incitarent
1993 2325 2065 2407 5).

501 2432 880 2499 Discrimen
927 2433 1102 2498 inter
1145 2433 1323 2498 hanc
1367 2434 1755 2498 societatem
1803 2439 1870 2496 et
1906 2433 2319 2520 superiorem
2357 2432 2501 2499 sine
2540 2433 2746 2499 dubio
2832 2478 2839 2482 -

411 2565 498 2607 ex
563 2541 692 2606 hac
755 2564 830 2606 re
897 2541 1229 2626 originem
1296 2540 1499 2629 cepit,
1545 2539 1726 2626 quod
1773 2539 2224 2606 Athenienses
2268 2542 2485 2607 coacti
2530 2547 2745 2624 erant,

408 2650 641 2716 omnia
687 2669 859 2735 quae
907 2648 994 2714 ad
1041 2647 1431 2715 societatem
1469 2647 1891 2736 pertinerent
1933 2648 2186 2737 raptim
2232 2654 2300 2714 et
2344 2647 2749 2716 festinanter

409 2758 840 2824 constituere.
953 2755 1181 2841 Vulgo
1253 2761 1481 2821 autem
1549 2762 1916 2843 antequam
1977 2755 2232 2822 bellum
2299 2757 2750 2845 susciperetur

410 2866 640 2930 omnia
710 2864 798 2929 ad
865 2863 1044 2929 hanc
1108 2885 1253 2928 rem
1320 2857 1734 2951 pertinentia
1803 2864 2173 2929 constituta
2240 2870 2452 2948 erant,
2499 2865 2747 2953 princi-

407 2978 634 3060 patus,
679 2972 838 3036 urbs
882 2970 1298 3059 principalis,
1347 2970 1739 3056 synedrium
1778 2969 1921 3036 illic
1943 2971 2134 3036 sedes
2155 2970 2433 3055 habenS,
2479 2979 2748 3059 tempus

406 3101 537 3167 per
580 3079 761 3165 quod
831 3077 1073 3143 foedus
1142 3083 1353 3143 staret
1372 3075 1447 3162 6),
1510 3076 1837 3163 suffragia
1881 3075 2185 3161 ferenda,
2233 3077 2473 3142 modus
2520 3077 2748 3143 alendi

409 3187 761 3273 exercitus,
780 3185 1330 3267 contributiones,
1357 3183 1627 3267 auxilia,
1652 3184 2078 3249 condiciones
2107 3182 2193 3248 de
2219 3205 2387 3271 pace
2410 3182 2746 3267 facienda,

409 3295 498 3359 de
544 3315 765 3383 poena
825 3293 1153 3360 solvenda
1222 3291 1279 3357 si
1322 3291 1475 3377 quis
1538 3292 1871 3357 sociorum
1914 3290 2156 3357 foedus
2200 3297 2565 3378 rumperet,
2610 3313 2748 3357 uno

406 3401 619 3468 verbo
664 3401 975 3467 omnibus
1015 3401 1216 3466 rebus
1261 3404 1694 3488 prospectum
1741 3405 1888 3464 erat
1910 3403 1977 3479 ⁷).
2025 3396 2118 3462 Et
2162 3419 2345 3463 nunc
2388 3398 2559 3463 m‘hil
2607 3397 2747 3464 tale
2851 3490 2856 3496 .

459 3675 508 3741 1)
545 3675 703 3730 Diod.
746 3673 829 3729 18.
870 3675 954 3729 10.

459 3764 509 3828 2)
549 3764 808 3819 Schaefer
846 3763 1001 3818 Dem.
1042 3763 1091 3817 1.
1131 3762 1201 3815 29
1239 3779 1356 3829 sqq.

460 3852 509 3918 3)
548 3854 605 3909 C.
644 3855 685 3907 Ι.
722 3855 782 3908 A.
824 3854 893 3907 ΙΙ.
934 3852 1017 3905 17.
1057 3852 1300 3906 Dittonb.
1338 3850 1426 3905 80.

459 3942 507 4010 4)
543 3943 689 3998 Plut.
727 3943 795 3998 de
833 3942 1024 3998 Gloria
1057 3942 1183 3996 Ath.
1220 3940 1271 3994 8.
1310 3940 1417 3994 350
1452 3941 1514 3994 Α,
1554 3937 1795 4003 ἰσόψηφον
1831 3937 2003 3997 aba-02⁶2
2042 3939 2133 3996 τὴν
2170 3937 2399 3989 *Ελλάδα
2430 3937 2747 3998 κατέστησαν

404 4032 578 4089 πάσας
630 4030 917 4096 δ’ὖπάρχειν
970 4029 1269 4092 αὐτονόμους
1321 4028 1531 4093 ἥγίμοσι
1586 4028 1860 4093 χρωμένους
1913 4030 2208 4086 Ἀθηναίοις.
2246 4029 2406 4083 Diod.
2447 4030 2530 4084 15.
2570 4029 2654 4083 28.
2694 4031 2744 4083 4.

406 4125 551 4172 πόλιν
603 4118 728 4171 δ’ἐπ’
776 4119 890 4179 ’ἴσης
943 4119 1030 4171 καὶ
1084 4118 1309 4184 μεγάλην
1344 4119 1431 4169 καὶ
1465 4120 1637 4182 μικρὰν
1674 4124 1792 4181 μιᾶς
1828 4117 1996 4182 ψήφου
2031 4119 2196 4181 κυρίαν
2229 4115 2349 4169 εἶναι
2374 4118 2584 4182 ἡγεμόσι
2620 4137 2750 4183 χρω-

404 4210 558 4275 μένας
594 4212 884 4270 Ἀθηναίοις.
926 4212 1172 4281 Xenoph.
1210 4211 1351 4265 Hell.
1391 4211 1438 4263 7.
1491 4210 1537 4263 l.
1579 4210 1627 4263 1.

457 4301 509 4363 5)
545 4303 610 4355 cf.
649 4301 795 4356 Plut.
836 4301 1075 4355 Pericles
1114 4301 1195 4353 17.

456 4388 505 4457 6)
542 4390 603 4446 C.
640 4392 680 4444 Ι.
722 4391 781 4444 A.
820 4390 910 4445 IV.
949 4390 996 4443 2.
1036 4406 1087 4458 p.
1126 4389 1196 4443 20
1232 4407 1284 4443 n.
1322 4388 1437 4443 5912.
1478 4388 1716 4442 Ditteub.
1758 4388 1875 4443 108.
1916 4405 1992 4442 vs.
2037 4388 2104 4441 12
2162 4388 2373 4443 Gilbert
2408 4387 2456 4441 2.
2500 4387 2620 4442 390.

457 4479 508 4546 7)
544 4481 609 4533 cf.
646 4480 842 4535 foedus
880 4480 1008 4534 anni
1042 4479 1147 4534 386
1186 4478 1449 4534 Chiorum
1488 4482 1543 4533 et
1579 4479 1995 4533 Atheniensium
2033 4477 2089 4532 C.
2111 4478 2152 4531 Ι.
2172 4479 2233 4532 A.
2272 4478 2341 4533 ΙΙ.
2381 4476 2464 4529 15.
2503 4477 2741 4536 Dittenb.
