3338 5350
1668 511 1757 575 69

514 706 826 795 Aegypti
889 708 951 772 ei
1019 708 1373 773 commissa
1442 713 1604 791 erat,
1676 708 1892 794 partis
1962 729 2168 793 quam
2224 707 2460 772 dicunt
2506 707 2859 793 Arabicae,

518 815 639 879 sed
687 814 926 880 eodem
971 820 1274 900 tempore
1320 821 1635 901 quaestor
1673 815 1881 881 totius
1926 814 2228 902 Aegypti
2274 814 2425 879 fuit.
2474 814 2863 880 Alexander

517 921 911 986 universam
958 919 1354 1007 Aegyptum
1399 922 1519 986 uni
1563 923 1861 1010 praesidi
1927 922 2041 988 vel
2084 928 2397 1010 satrapae
2441 923 2863 988 committere

522 1049 725 1092 ausus
770 1048 908 1092 non
955 1033 1088 1109 est;
1142 1033 1431 1112 quatuor
1467 1026 1849 1115 praefectos
1896 1028 1993 1093 ibi
2032 1028 2327 1115 reliquit,
2377 1029 2544 1094 duos
2588 1031 2856 1116 Aegyp·

519 1134 753 1218 tiacOS,
800 1140 1036 1221 postea
1081 1156 1312 1217 unum,
1383 1135 1626 1221 quibus
1688 1134 1852 1212 νόμοι
1918 1135 2328 1223 Aegyptiaci
2373 1157 2574 1201 curae
2620 1143 2859 1220 essent,

521 1263 736 1307 unum
782 1240 1119 1306 Graecum
1183 1241 1294 1306 cui
1353 1264 1511 1329 pars
1574 1242 1839 1329 Libyca
1885 1244 2241 1308 commissa
2288 1248 2410 1327 est,
2458 1249 2530 1308 et
2574 1243 2861 1309 alterum

523 1348 878 1431 Graecum,
949 1347 1397 1432 Cleomenem,
1474 1349 1547 1413 in
1607 1349 1998 1435 regionibus
2070 1349 2416 1434 Arabicis3
2486 1357 2633 1414 tum
2695 1350 2861 1415 duos

522 1461 853 1539 strategos
899 1454 1228 1519 exercitui
1271 1455 1344 1519 in
1391 1456 1711 1542 Aegypto
1773 1455 2008 1520 relicto
2068 1454 2396 1542 praefecit
2443 1456 2864 1535 (Peucestam

523 1568 592 1625 et
635 1560 1022 1643 Balacrum)
1068 1567 1137 1626 et
1183 1561 1348 1627 alios
1395 1563 1598 1627 duces
1666 1561 1993 1627 militibus
2053 1563 2389 1648 indigenis
2449 1570 2519 1628 et
2562 1584 2856 1628 mercen-

523 1668 726 1732 nariis
749 1668 819 1753 1).
914 1666 1307 1733 Cleomenes
1374 1669 1582 1734 etiam
1652 1671 1909 1735 aerario
1973 1669 2248 1757 publico
2309 1668 2693 1756 praefectus
2741 1675 2860 1752 est,

523 1797 677 1840 cum
740 1775 975 1840 eodem
1016 1781 1319 1863 tempore
1366 1776 1428 1841 ei
1476 1776 1907 1863 commissum
1954 1777 2041 1840 sit
2094 1775 2350 1840 tributa
2395 1760 2862 1841 universarum

521 1882 825 1969 Aegypti
892 1882 1245 1967 regionum
1304 1881 1622 1968 colligere
1683 1890 1752 1947 et
1795 1882 2130 1947 custodire
2153 1882 2223 1964 2).
2317 1882 2416 1947 De
2479 1882 2681 1948 modo
2727 1904 2861 1968 quo

520 1987 912 2054 Cleomenes
957 1988 1087 2054 hoc
1134 1987 1384 2075 duplici
1430 2010 1711 2055 munere
1754 1987 2154 2076 perfunctus
2178 1989 2285 2071 sit,
2311 1987 2640 2053 nonnulla
2664 1987 2860 2053 nobis

522 2096 777 2161 tradita
824 2100 982 2160 sunt
1000 2093 1075 2180 3).

609 2202 900 2267 Perinde
969 2222 1048 2266 ac
1113 2203 1409 2267 rationes
1479 2201 1724 2289 quibus
1771 2224 1930 2266 usus
1994 2206 2095 2266 est
2138 2199 2530 2266 Alexander
2575 2201 2662 2266 ad
2706 2222 2858 2289 pro-

521 2310 780 2374 vincias
865 2309 1434 2374 administrandas
1524 2309 1708 2373 inter
1799 2330 1942 2374 sese
2026 2307 2405 2391 variabant,
2492 2309 2861 2374 secundum

518 2416 942 2481 diversarum
986 2417 1342 2501 regionum
1387 2422 1723 2497 naturam,
1774 2417 1979 2480 etiam
2024 2417 2097 2480 in
2139 2415 2612 2480 constituendo
2657 2416 2830 2481 ratio
2848 2453 2863 2464 ·

517 2545 677 2588 nem
722 2525 897 2588 inter
942 2545 1013 2587 se
1059 2529 1127 2587 et
1171 2523 1464 2589 colonias
1511 2522 1807 2588 Graecas
1851 2524 1924 2589 in
1964 2523 2131 2588 Asia
2154 2544 2292 2588 non
2313 2543 2522 2587 unam
2547 2522 2860 2587 eandem·

517 2651 653 2717 que
697 2651 1005 2696 normam
1073 2639 1338 2696 secutus
1388 2636 1490 2695 est
1534 2651 1674 2696 rex.
1764 2629 1951 2696 Ante
2017 2631 2246 2696 omnia
2308 2628 2441 2695 alia
2510 2629 2862 2695 attenden-

517 2738 686 2806 dum
732 2743 832 2802 est
879 2738 963 2802 ad
1015 2744 1269 2803 statum
1316 2738 1659 2803 diversum
1705 2738 1976 2803 urbium
2021 2738 2436 2803 Graecarum
2473 2738 2545 2802 in
2588 2738 2864 2824 Europa

518 2849 592 2909 et
637 2845 708 2909 in
752 2843 936 2910 Asia.

608 2950 654 3016 J
659 2972 768 3015 am
812 2951 1031 3038 primo
1076 2952 1298 3039 capite
1345 2953 1508 3017 satis
1556 2952 1817 3017 dictum
1862 2958 1965 3018 est
2009 2951 2094 3017 de
2134 2951 2594 3017 dominatione
2623 2972 2864 3036 regum

514 3055 982 3123 Macedoniae'
1002 3059 1073 3122 in
1121 3081 1200 3123 ea
1245 3066 1442 3146 parte
1493 3058 1819 3125 Graeciae
1868 3080 2041 3152 quae
2100 3060 2173 3123 in
2240 3059 2516 3146 Europa
2564 3059 2694 3122 sita
2741 3063 2858 3140 est,

511 3165 647 3229 hoc
691 3163 835 3230 loco
883 3166 1246 3251 quicquam
1314 3167 1398 3231 de
1444 3166 1573 3232 hac
1624 3188 1698 3232 re
1746 3187 2342 3232 commemoremus
2408 3185 2678 3229 necesse
2722 3185 2862 3229 non

512 3276 638 3335 est.
733 3270 870 3336 Sed
913 3293 1183 3358 prorsus
1231 3272 1500 3338 diversa
1545 3295 1651 3338 res
1697 3279 1800 3338 est
1844 3274 1917 3337 in
1962 3271 2150 3338 Asia.

604 3377 775 3442 Inde
845 3377 929 3442 ab
996 3378 1405 3444 Antalcidae
1472 3401 1640 3467 pace
1730 3380 1932 3444 urbes
2014 3378 2220 3445 Asiae
2287 3380 2434 3465 regi
2501 3378 2862 3443 Persarum
2971 3422 2979 3430 ·

509 3484 849 3549 obnoxiae
918 3483 1214 3568 fuerunt,
1287 3486 1403 3572 qui
1468 3507 1592 3574 per
1638 3485 2040 3572 oligarchias
2088 3491 2156 3551 et
2201 3492 2528 3572 tyrannos
2575 3484 2859 3550 auctori-

506 3596 731 3655 tatem
775 3612 966 3656 suam
1011 3593 1345 3676 sustinuit,
1400 3615 1614 3679 usque
1664 3594 1753 3659 ad
1802 3614 2057 3657 annum
2104 3594 2255 3676 334,
2305 3614 2456 3657 cum
2488 3598 2644 3680 post
2687 3612 2858 3679 pug-

507 3719 679 3762 nam
724 3699 906 3784 apud
970 3698 1343 3763 Granicum
1409 3698 1575 3764 Asia
1620 3699 1845 3764 Minor
1889 3700 1962 3763 in
2008 3698 2383 3764 Alexandri
2453 3704 2860 3787 potestatem

567 3929 617 3994 1)
654 3929 865 3984 Arrian.
902 3931 952 3984 3.
991 3930 1041 3984 5.
1081 3931 1238 3985 1—7.

566 4018 615 4080 2)
651 4018 862 4072 Arrian.
900 4019 949 4073 3.
989 4020 1038 4072 ὁ.
1078 4019 1140 4084 4;
1181 4019 1406 4073 Curtius
1444 4020 1492 4069 4.
1534 4020 1584 4073 8.
1627 4019 1677 4073 5.
1720 4020 2116 4090 „vectigalibus
2142 4018 2392 4088 ejusdem
2413 4018 2627 4072 Africae
2644 4019 2861 4087 Aegyp-

505 4106 670 4173 tique
724 4107 1043 4163 Cleomenes
1097 4110 1499 4179 praepositus.''
1534 4109 1697 4178 Quod
1737 4109 1904 4163 etiam
1941 4108 2169 4162 tertium
2209 4123 2429 4172 munus,
2467 4123 2666 4176 nempe
2701 4122 2858 4175 prae-

507 4195 719 4249 sidium
770 4197 1182 4252 institutionum
1216 4214 1394 4252 novae
1432 4198 1681 4253 coloniae
1718 4196 2084 4251 Alexandriae
2122 4196 2172 4249 ei
2208 4196 2569 4251 commissum
2611 4198 2711 4259 est,
2749 4195 2856 4248 hoc

504 4284 640 4337 loco
676 4284 893 4339 silentio
934 4286 1238 4355 praeterire
1277 4286 1420 4341 licet.

566 4369 616 4435 3)
654 4371 862 4427 Arrian.
902 4374 949 4426 7.
989 4374 1062 4427 23
1115 4375 1149 4427 6
1191 4392 1341 4442 sqq.;
1381 4375 1669 4429 Demosth.
1714 4374 1868 4428 1284.
1909 4373 1979 4427 25
2016 4391 2184 4442 sqq.—
2213 4374 2398 4441 1286.;
2438 4372 2856 4428 Aristot.0eco-

506 4459 738 4514 uomica
772 4479 823 4530 p.
865 4462 1018 4515 1352.
2168 4499 2169 4502 =
