3338 5350
1527 474 1654 539 189

1549 777 1644 842 Χ.

523 975 732 1040 Tacit..
801 975 982 1040 Ann.
1033 975 1093 1038 2.
1156 975 1244 1039 40
1305 974 1587 1058 legitur:
1664 973 1861 1060 „vine
1921 974 2216 1039 militum
2274 996 2543 1040 servum
2587 996 2768 1039 suum

440 1123 830 1204 „coerceret,
880 1138 967 1181 an
1007 1118 1279 1181 inanem
1326 1116 1793 1181 credulitatem
1851 1123 2156 1204 tempore
2213 1117 2362 1204 ipso
2408 1138 2769 1181 vanescere

449 1257 801 1344 „sineret.''
849 1257 1162 1323 Praestat
1211 1280 1519 1344 „servum
1561 1261 1774 1322 statim
1823 1258 2220 1323 coerceret.”

1539 1507 1668 1572 XI.

528 1699 761 1766 Cicero
849 1723 974 1789 pro
1042 1702 1325 1766 Murena
1391 1703 1427 1785 ἓ
1494 1701 1581 1766 23
1648 1701 1855 1767 Halm
1923 1701 2172 1767 edidit:
2263 1704 2390 1790 „Et
2448 1704 2770 1790 quoniam

444 1844 649 1932 „mihi
686 1844 938 1910 videris
982 1843 1183 1908 istam
1221 1842 1570 1908 seientiam
1610 1844 1802 1928 juriS‚
1841 1849 2191 1929 tamquam
2213 1842 2491 1908 filiolam
2515 1843 2769 1908 oseula-

445 1989 540 2074 „ri
599 1994 810 2071 tuam,
871 2007 1008 2052 non
1063 1986 1287 2073 patiar
1323 1991 1394 2049 te
1453 1986 1707 2051 diutius
1745 1986 1817 2050 in
1860 1992 2054 2051 tanto
2108 2006 2330 2051 errore
2373 1987 2647 2068 versari,
2695 1992 2773 2051 ut

447 2132 664 2218 „istud
733 2130 958 2195 neseio
1023 2129 1208 2216 quid,
1279 2128 1457 2214 quod
1528 2134 1721 2194 tanto
1789 2150 1992 2216 opere
2035 2130 2314 2193 dilexisti
2349 2127 2772 2215 praeclarum

447 2273 746 2363 „aliquid
790 2294 933 2337 esse
979 2271 1372 2336 arbitrere''.

526 2416 760 2480 Lectio
811 2412 1172 2501 „didicisti”
1224 2419 1545 2500 praestat.

1520 2670 1689 2738 XII.

530 2869 778 2935 Caesar
823 2869 901 2934 B.
955 2870 1036 2934 G.
1099 2868 1218 2933 IV.
1274 2870 1374 2934 10.
1451 2869 1680 2957 „Mosa
1741 2868 2020 2958 profluit
2080 2891 2165 2935 ex
2224 2877 2453 2936 monte
2511 2871 2776 2956 Vogeso

448 3014 604 3101 „qui
665 3018 767 3077 est
822 3012 895 3075 in
955 3011 1203 3076 finibus
1255 3011 1663 3101 Lingonum,
1715 3017 1781 3075 et
1823 3018 2020 3100 parte
2067 3013 2361 3097 quadam
2410 3036 2492 3078 ex
2535 3014 2777 3079 Rheno

448 3143 776 3225 „recepta
827 3157 997 3221 quae
1039 3135 1423 3223 appellatur
1460 3134 1760 3220 Vahalis,
1786 3135 2079 3201 insulam
2102 3136 2311 3202 efficit
2336 3137 2774 3219 Batavorum,

448 3299 676 3364 „neque
726 3279 969 3364 louqius
1014 3278 1093 3342 ab
1148 3277 1380 3342 Oceano
1424 3277 1683 3342 milibus
1722 3299 2029 3363 passuum
2066 3281 2375 3364 octoqiuta
2398 3282 2468 3343 in
2491 3280 2777 3344 Rhenum

448 3420 768 3506 „influit”
832 3417 947 3484 Sic
990 3419 1352 3504 legendum
1405 3426 1538 3484 est:
1608 3441 1839 3504 „neque
1888 3422 2131 3507 lonyius
2178 3444 2217 3487 a
2264 3422 2478 3487 Rheno
2523 3423 2780 3488 milibus

449 3583 785 3648 „passuum
828 3565 1138 3648 octoqiuta
1184 3565 1253 3626 iu
1305 3562 1608 3627 Oceanum
1655 3562 1937 3644 influit.”

1503 3792 1704 3860 XIII.

532 3992 846 4080 Apoeleti
916 3993 1194 4057 fuerunt
1260 3990 1619 4078 collegium
1703 3991 2100 4058 Aetolorum
2168 3994 2778 4062 extraordinarium

451 4157 487 4198 e
532 4141 770 4199 senatu
840 4134 1175 4199 delectum
1246 4134 1329 4200 ab
1398 4136 1560 4222 ipsis
1624 4136 2061 4220 senatoribUS,
2135 4138 2338 4224 quod,
2409 4160 2562 4207 eum
2601 4138 2829 4205 bella·

449 4277 875 4361 gerebantur,
939 4299 1062 4363 pro
1108 4285 1346 4342 senatu
1393 4299 1547 4341 eum
1591 4284 1903 4364 praetore
1947 4299 2052 4342 res
2100 4280 2524 4364 quotidianas
2567 4281 2779 4347 admi—

448 4420 799 4487 nistrabat.
