3338 5350
1214 1457 1743 1535 CAPUT
1852 1457 1935 1534 V.

766 1937 866 2017 De
923 1935 1358 2017 Macedonia
1411 1938 1591 2036 post
1640 1933 2053 2016 cassandri
2112 1954 2434 2035 reanum.

857 2308 897 2385 ξ
940 2302 989 2370 1.
1037 2300 1405 2371 Macedonia
1448 2300 1613 2369 inter
1660 2316 1864 2369 annos
1912 2300 2298 2370 297-281.

504 2529 717 2594 Filius
786 2527 1143 2594 Cassandri
1203 2525 1561 2613 Philippus
1621 2526 1803 2614 patri
1850 2528 2184 2609 successit,
2235 2527 2353 2591 sed
2399 2528 2604 2592 etiam
2650 2527 2761 2592 hic

404 2638 554 2725 jam
623 2640 914 2723 quatuor
979 2633 1320 2700 mensibus
1387 2639 1542 2722 post
1584 2633 1820 2700 morbo
1869 2632 2259 2700 absumitur.
2325 2633 2429 2699 De
2472 2635 2675 2700 rebus
2723 2658 2763 2701 a

410 2743 735 2810 fratribus
797 2742 940 2827 ejus
1009 2742 1373 2829 Antipatro
1441 2748 1510 2806 et
1578 2740 1970 2806 Alexandro
2045 2747 2199 2829 post
2267 2749 2555 2807 mortem
2616 2742 2761 2828 ejus

411 2852 640 2938 gestiS,
712 2851 797 2914 de
880 2849 1403 2914 dissensionibus
1468 2869 1718 2931 eorum,
1785 2848 1870 2912 de
1940 2849 2304 2913 certamine
2371 2851 2582 2934 regni,
2655 2851 2763 2914 cui

412 2964 633 3024 mater
673 2979 940 3043 quoque
987 2955 1460 3021 Thessalonice
1506 2976 1650 3019 sese
1699 2956 2060 3038 inmiscuit,
2111 2956 2280 3020 adeo
2317 2961 2396 3020 ut
2441 2955 2527 3020 ab
2565 2956 2761 3021 Anti-

411 3072 610 3153 patro
671 3063 1033 3129 interfecta
1078 3062 1184 3144 sit,
1233 3062 1457 3127 fontes
1503 3063 1715 3127 nostri
1763 3083 1871 3126 res
1916 3062 2197 3127 minime
2244 3061 2458 3127 claras
2508 3069 2576 3127 et
2612 3085 2764 3151 per-

412 3172 677 3260 spicuas
730 3170 1125 3236 attulerunt.
1172 3169 1219 3235 J
1220 3169 1483 3234 ustinus
1535 3170 1716 3233 enim
1767 3171 1867 3234 16.
1899 3172 1956 3233 1.
1997 3168 2298 3255 loquitur
2323 3169 2409 3234 de
2432 3170 2762 3235 divisione

412 3279 609 3365 regni
678 3278 912 3342 statim
980 3283 1136 3364 post
1179 3274 1487 3364 Philippi
1532 3282 1841 3358 mortem,
1907 3274 2279 3341 Pausanias
2330 3278 2390 3341 9.
2441 3278 2501 3340 7.
2550 3278 2610 3341 3.
2677 3278 2761 3342 de

410 3387 622 3452 nimio
685 3386 909 3451 studio
971 3386 1206 3449 matris
1253 3405 1416 3469 erga
1463 3383 1683 3447 filium
1727 3389 1896 3448 natu
1942 3385 2291 3466 minorem,
2356 3383 2761 3449 Plutarchus

411 3499 642 3557 autem
713 3491 1123 3577 (Demetrius
1171 3492 1256 3555 36
1305 3495 1373 3555 et
1417 3489 1721 3577 Pyrrhus
1768 3492 1836 3576 6)
1885 3491 1971 3554 de
2018 3491 2541 3556 dissensionibus
2587 3492 2763 3554 inter

409 3598 677 3681 fratres,
751 3620 904 3663 cum
965 3597 1299 3663 Eusebius
1374 3601 1425 3661 l.
1478 3621 1545 3685 p.
1594 3598 1726 3662 232
1797 3598 2136 3684 scripserit
2204 3598 2290 3661 de
2356 3597 2758 3685 Antipatro:

409 3706 519 3779 τὴν
588 3705 828 3785 μητέρα
858 3755 870 3768 .
909 3755 921 3768 .
950 3754 964 3769 .
997 3755 1010 3768 .
1062 3702 1574 3784 συμπράττουσαν
1626 3701 2021 3783 Ἀλεξάνδρῳ
2071 3704 2203 3784 περὶ
2250 3712 2359 3779 τῆς
2406 3705 2759 3783 βασιλείας.

412 3813 544 3878 Hic
587 3819 965 3900 postremus
1015 3811 1198 3877 locus
1248 3810 1554 3898 profecto
1605 3811 1862 3896 aliquid
1910 3811 2093 3894 dicit,
2142 3812 2259 3877 sed
2308 3813 2548 3878 eodem
2588 3819 2761 3877 tem-

410 3941 574 4007 pore
622 3924 855 4006 aperte
902 3917 949 3983 J
951 3920 1177 3984 ustino
1219 3919 1644 3983 contradicit.
1691 3917 1736 3983 J
1742 3919 2003 3982 ustinus
2030 3924 2258 3983 autem
2283 3926 2482 3984 errat.
2507 3921 2760 3985 Pausa-

408 4028 558 4091 nias
608 4027 792 4091 enim
836 4025 983 4090 loco
1030 4024 1309 4090 laudato
1359 4025 1444 4089 de
1487 4023 1855 4111 Antipatro
1904 4025 2205 4111 loquitur
2228 4032 2580 4112 tamquam
2601 4049 2762 4112 rege

408 4140 564 4221 post
630 4134 937 4221 Philippi
1002 4139 1292 4198 mortem
1365 4132 1777 4210 Ἀντίπατρος
1844 4131 1898 4195 δ’
1947 4133 1973 4195 ὁ
2042 4135 2184 4209 μετ’
2257 4133 2490 4207 ἐκεῖνον,
2540 4157 2762 4220 neque

410 4241 716 4306 nominat
781 4240 1267 4307 Alexandm.
1339 4238 1529 4304 Haec
1591 4240 1830 4304 eadem
1872 4262 1978 4304 res
2027 4240 2467 4305 confirmatur
2511 4264 2553 4306 a
2599 4241 2760 4306 Plu-

410 4348 649 4413 tarcho
718 4349 834 4432 qui
901 4347 973 4411 in
1044 4347 1315 4412 decreto
1361 4347 1433 4410 in
1477 4346 1803 4411 honorem
1848 4346 2287 4412 Democharis
2333 4345 2766 4413 Atheniensis

418 4454 597 4537 dato,
675 4455 856 4520 hunc
929 4475 1106 4520 anno
1175 4452 1306 4517 296
1382 4452 1635 4540 (Droys
1703 4455 1765 4518 2.
1830 4455 1891 4520 2.
1956 4455 2111 4538 250)
2169 4453 2494 4521 auxilium
2538 4462 2772 4541 petere
