3338 5350
1645 481 1772 544 152

544 678 754 761 tituit,
802 676 1261 743 Cassandrum
1303 677 1557 763 ubique
1622 676 1891 764 pepulit
1936 684 2007 741 et
2048 675 2325 762 fugavit
2349 676 2401 760 1)
2443 698 2526 741 ex
2572 677 2890 743 universa

549 785 856 851 Graecia.

638 892 819 958 Socii
864 890 1111 957 Graeci
1152 891 1445 957 nominis
1494 897 1724 956 autem
1769 891 2088 977 synedrio
2127 890 2437 956 Corinthi
2483 890 2888 978 junguntur,

550 1004 620 1063 et
686 999 959 1063 tametsi
1004 999 1339 1064 nescimus
1386 998 1788 1083 quibusnam
1836 997 2347 1063 condicionibus
2392 999 2562 1064 haec
2607 998 2891 1064 societas

549 1104 820 1169 firmata
863 1106 971 1188 sit,
1016 1111 1250 1169 tamen
1288 1105 1614 1192 suspicari
1657 1110 2187 1170 consentaneum
2231 1111 2350 1187 est,
2397 1105 2610 1170 socios
2633 1105 2893 1190 majore

548 1212 867 1277 libertate
911 1211 1155 1277 fruitos
1205 1234 1348 1277 esse
1395 1234 1601 1297 quam
1647 1210 1773 1277 sub
1810 1211 2136 1299 Philippo
2183 1218 2251 1275 et
2274 1211 2684 1277 Alexandro.
2732 1211 2891 1298 Ipse

550 1320 935 1385 Demetrius
1002 1318 1310 1384 societati
1375 1318 1789 1406 praeficitur,
1858 1320 2002 1383 sine
2047 1317 2255 1384 dubio
2300 1318 2541 1384 eodem
2585 1324 2891 1405 tempore

552 1426 978 1493 condiciones
1046 1425 1133 1490 de
1203 1426 1414 1513 copiis
1479 1425 1825 1512 parandis,
1896 1425 1982 1490 de
2052 1425 2343 1491 navibus
2415 1425 2758 1507 ornandiS,
2804 1424 2893 1489 de

550 1532 1162 1599 contributionibus
1206 1533 1557 1619 exigendis
1600 1534 2009 1599 constitutae
2054 1537 2231 1616 sunt,
2277 1553 2405 1597 nec
2447 1538 2681 1597 tamen
2704 1531 2893 1617 quic-

552 1662 760 1726 quam
803 1640 889 1705 de
933 1641 1065 1705 hac
1105 1662 1181 1705 re
1227 1647 1524 1705 aetatem
1569 1639 1732 1705 tulit
1756 1640 1828 1720 2).

639 1747 790 1813 Hoc
858 1747 1059 1813 modo
1124 1747 1512 1832 Antigonus
1578 1769 1821 1814 revera
1887 1748 2145 1812 vindex
2188 1746 2520 1812 libertatis
2566 1746 2895 1812 Graeciae

555 1855 799 1937 extitit,
875 1855 1247 1939 eodemque
1312 1859 1619 1941 tempore
1687 1852 2054 1919 Cassandri
2098 1854 2299 1919 rebus
2345 1875 2673 1940 magnum
2715 1853 2893 1940 peri-

554 1962 784 2027 culum
825 1962 1119 2048 paravit.
1204 1961 1334 2039 Qui
1393 1961 1538 2026 sive
1582 1961 1827 2026 ductus
1872 1967 2059 2026 metu
2105 1961 2250 2026 sive
2295 1961 2477 2046 quod
2521 1961 2702 2025 vires
2747 1959 2896 2045 ejus

554 2068 923 2135 exhaustae
994 2075 1190 2134 erant
1249 2090 1492 2155 pacem
1540 2068 1626 2133 ab
1679 2068 2028 2154 Antigono
2070 2069 2363 2154 rogavit,
2435 2090 2611 2154 quae
2657 2069 2719 2133 ei
2765 2067 2896 2133 hac

552 2176 756 2241 unica
822 2176 1229 2259 conditione,
1293 2197 1419 2241 nec
1486 2182 1754 2263 poterat
1821 2177 2162 2263 praesenti
2206 2181 2390 2240 statu
2432 2197 2661 2240 rerum
2706 2174 2893 2241 aliud

555 2283 916 2369 expectari,
986 2304 1302 2348 concessa
1370 2288 1489 2365 est,
1560 2288 1638 2346 ut
1706 2288 1920 2347 semet
1984 2282 2207 2370 ipsum
2253 2289 2323 2346 et
2363 2303 2652 2367 regnum
2697 2303 2897 2346 suum

552 2390 903 2475 Antigono
997 2389 1452 2454 committeret
1478 2389 1552 2472 3).
1644 2388 2024 2454 Cassander
2110 2395 2340 2454 autem
2417 2388 2671 2453 talibus
2739 2409 2898 2453 con-

555 2496 925 2563 ditionibus
1015 2518 1256 2584 pacem
1353 2495 1580 2561 facere
1664 2517 1802 2561 non
1869 2496 2116 2583 potuit,
2189 2495 2514 2561 auxilium
2582 2495 2783 2582 petiit
2856 2517 2898 2557 a

555 2603 982 2691 Lysimacho,
1028 2602 1459 2669 Ptolemaeus
1503 2608 1575 2667 et
1620 2602 1941 2669 Seleucus
1982 2625 2272 2690 quoque,
2319 2624 2476 2668 cum
2518 2602 2901 2690 periculum

555 2711 685 2777 sibi
719 2733 933 2797 aeque
967 2733 1045 2776 ac
1086 2710 1464 2776 Cassandro
1486 2711 1849 2776 imminens
1872 2710 2207 2791 viderent,
2233 2732 2375 2775 sese
2399 2711 2479 2775 iis
2505 2709 2897 2796 adjunxere,

555 2817 930 2904 foedusque
996 2818 1211 2882 iniere
1277 2824 1514 2883 contra
1558 2817 1986 2904 Antigonum
2012 2816 2086 2900 4),
2147 2825 2227 2882 ut
2268 2817 2550 2882 tandem
2596 2817 2901 2882 domina-

555 2924 727 2990 tioni
774 2923 917 3008 ejus
962 2923 1169 2988 finem
1237 2925 1684 3011 imponerent,
1753 2946 2176 3010 regnumque
2223 2923 2366 3009 ejus
2412 2924 2802 2989 dividerent
2825 2923 2897 3005 5).

554 3031 760 3096 Anno
826 3032 957 3095 302
1006 3029 1264 3095 bellum
1309 3031 1579 3114 exarsit,
1650 3031 1761 3096 cui
1798 3031 1945 3117 jam
2001 3032 2313 3117 sequenti
2357 3052 2537 3097 anno
2581 3031 2736 3096 finis
2778 3031 2901 3095 im-

555 3139 815 3225 positus
882 3144 987 3202 est
1053 3159 1289 3224 pugna
1335 3124 1520 3225 apud
1565 3138 1818 3226 Ipsum,
1884 3138 2000 3203 ubi
2046 3138 2430 3225 Antigonus
2480 3138 2622 3203 acie
2666 3160 2900 3203 caesus

558 3252 679 3309 est.
768 3244 985 3311 Filius
1054 3245 1439 3311 Demetrius
1514 3246 1807 3311 salutem
1873 3245 2043 3331 fuga
2089 3246 2310 3332 petiit,
2381 3268 2527 3311 sese
2570 3245 2643 3310 in
2688 3244 2899 3310 Grae-

606 3461 656 3524 4)
707 3461 925 3514 Bellum
963 3460 1114 3528 quod
1148 3464 1274 3515 tum
1315 3464 1536 3530 gestum
1572 3464 1658 3515 est
1703 3461 1851 3515 idem
1891 3465 1977 3516 est
2012 3478 2079 3515 ac
2115 3461 2174 3515 id
2214 3461 2365 3528 quod
2401 3479 2435 3515 a
2471 3463 2560 3516 Ps.
2598 3462 2902 3516 Plutarcho

557 3553 613 3604 in
651 3550 874 3604 decreto
912 3550 967 3602 in
1005 3550 1276 3604 honorem
1315 3550 1677 3605 Democharis
1716 3551 1886 3615 (Plut.
1923 3552 1973 3603 X
2005 3550 2158 3604 Orat.
2193 3568 2244 3619 p.
2275 3550 2379 3604 851
2416 3552 2443 3615 ἓ
2475 3551 2531 3617 2)
2569 3551 2596 3599 ὁ
2630 3550 2903 3612 renuerat,-

557 3642 775 3700 πόλεμος
827 3644 1077 3693 vocatur.
1138 3639 1204 3692 cf.
1255 3639 1458 3693 Ladek.
1514 3640 1645 3694 Ueb.
1688 3640 1776 3694 die
1812 3640 2072 3694 Echtheit
2110 3656 2205 3694 zw.
2247 3640 2377 3694 Urk.
2418 3640 2507 3694 bei
2533 3640 2724 3709 pseud.
2761 3641 2903 3710 plut.

558 3727 774 3782 Wiener
831 3729 1062 3784 Studien
1101 3727 1256 3781 1891.
1311 3745 1364 3797 p.
1406 3729 1509 3782 112
1548 3745 1666 3796 sqq.
1719 3731 1776 3782 et
1823 3746 1874 3783 v.
1913 3729 2290 3782 Wilamowitz.
2330 3730 2459 3782 Ant.
2498 3747 2550 3784 v.
2588 3731 2656 3782 K.
2696 3747 2751 3799 p.
2795 3730 2902 3784 190

559 3834 685 3871 ann.
725 3819 810 3872 10.

611 3906 661 3971 2)
698 3907 843 3960 Plut.
899 3908 1140 3960 Demetr.
1201 3905 1285 3958 25.
1347 3913 1429 3954 Ἐν
1485 3904 1537 3955 δὲ
1574 3912 1761 3970 Ἰσθμῷ
1798 3910 1958 3955 κοινοῦ
1993 3905 2235 3968 συνεδρίου
2270 3906 2552 3970 γενομένου,
2586 3907 2673 3956 καὶ
2707 3913 2904 3956 πολλῶν

558 3993 816 4056 ἀνθρώπων
869 3998 1217 4054 συνελθόντων,
1268 3994 1465 4058 ἡγεμὼν
1514 3993 1815 4058 ἀνηγορεύθη
1868 3999 1960 4052 τῆς
2014 3994 2263 4052 Ἑλλάδος
2321 3996 2384 4053 ὥς
2437 3998 2658 4058 πρότερον
2716 3998 2768 4045 οἱ
2796 3996 2907 4058 περὶ

559 4085 803 4133 Φίλιππον
840 4083 927 4134 καὶ
964 4082 1301 4146 Ἀλέξανδρον,

610 4172 659 4241 3)
695 4174 853 4227 Diod.
894 4174 979 4227 20,
1020 4174 1137 4226 106.
1178 4174 1296 4234 μίαν
1329 4170 1555 4235 γινώσκει
1593 4170 1834 4232 διάλυσιν,
1868 4171 1952 4223 ἐὰν
1988 4175 2015 4223 ὁ
2052 4171 2367 4235 Κάσσανδρος
2404 4172 2641 4236 ἐπιτρέπῃ
2678 4176 2749 4223 τὰ
2786 4180 2903 4224 ’aas’

559 4260 752 4316 ἑαυτὸν.

612 4350 660 4419 4)
696 4351 893 4421 Droys.
935 4352 984 4404 2.
1022 4351 1072 4404 2.
1120 4351 1222 4405 194
1257 4367 1382 4418 sqq.

612 4439 664 4509 5)
706 4440 899 4510 Polyb.
940 4440 990 4493 5.
1029 4439 1116 4491 67.
1152 4439 1203 4492 6.
