3338 5350
1551 553 1678 617 149

440 774 592 816 suas
637 751 708 815 in
756 749 1174 833 Macedonia,
1216 757 1489 816 centum
1533 749 1870 815 talentum
1913 751 2134 839 pretio
2161 751 2233 839 ¹),
2275 753 2554 840 insuper
2575 755 2778 820 socie—

439 864 648 923 tatem
697 863 765 922 et
809 858 1089 942 strategi
1136 857 1414 922 titulum
1474 857 1549 920 in
1593 856 2084 945 PeloponneSO,
2133 881 2287 924 cum
2331 882 2546 947 parvo
2595 883 2779 927 exer-

437 966 577 1031 citu
643 964 1082 1029 Macedonico
1107 965 1181 1050 2).
1273 964 1401 1031 Illo
1461 966 1687 1053 pretio
1757 964 2266 1053 Polysperchon
2311 975 2590 1055 paratus
2638 975 2783 1033 erat

441 1074 527 1138 ad
593 1072 1139 1137 interficiendum
1198 1072 1558 1137 Heraclem
1620 1081 1690 1138 et
1753 1078 2042 1137 matrem
2088 1073 2264 1159 ejus;
2341 1075 2520 1159 quod
2568 1074 2781 1140 scelus

439 1180 644 1246 etiam
692 1180 776 1244 ab
825 1201 903 1245 eo
948 1186 1413 1266 perpetratum
1456 1188 1575 1245 est.
1624 1179 2132 1267 Polysperchon
2178 1181 2250 1244 in
2272 1202 2563 1267 regnum
2586 1203 2782 1246 suum

438 1286 965 1370 rediit3‘ultima
1010 1287 1213 1374 stirps
1257 1286 1635 1352 Alexandri
1683 1288 2015 1352 exstincta
2060 1294 2180 1353 est.

527 1393 955 1458 Ptolemaeus
1001 1394 1274 1458 interim
1333 1394 1582 1459 multas
1645 1395 1845 1459 urbes
1892 1394 2096 1459 Asiae
2136 1394 2416 1459 Minoris
2463 1396 2537 1460 in
2580 1396 2781 1460 liber-

439 1507 652 1566 tatem
697 1501 1012 1584 restituit,
1059 1522 1379 1588 prospere
1424 1523 1531 1566 res
1578 1502 1789 1587 gessit
1835 1502 1908 1566 in
1954 1501 2122 1566 Asia
2160 1502 2444 1585 Minore,
2495 1510 2562 1567 et
2603 1524 2781 1568 anno

438 1609 570 1673 308
639 1608 713 1672 in
784 1608 1139 1673 Graeciam
1208 1609 1541 1695 pervenit,
1611 1608 1732 1673 ubi
1801 1609 2086 1673 diversis
2164 1607 2328 1673 locis
2397 1608 2784 1674 libertatem

438 1716 752 1799 restituit,
822 1714 1225 1780 Corinthum
1313 1722 1540 1781 autem
1614 1722 1682 1780 et
1758 1715 2117 1801 Sicyonem
2187 1715 2524 1803 praesidio
2593 1737 2784 1781 occu·

439 1823 652 1910 pavit,
695 1844 951 1888 novum
1021 1823 1367 1887 decretum
1436 1823 1523 1887 de
1567 1822 1885 1887 libertate
1933 1823 2143 1905 dedit,
2194 1846 2356 1888 sane
2402 1821 2782 1888 Cassandro
2908 1850 2913 1854 ·

439 1952 574 1995 non
637 1935 929 2014 gratum,
991 1930 1110 2015 qui
1171 1930 1378 1994 etiam
1433 1951 1581 1994 rem
1648 1930 1860 2014 gessit
1926 1930 1999 1995 in
2062 1930 2367 2014 Graecia,
2432 1936 2510 1995 ut
2557 1936 2782 1995 aucto-

438 2037 713 2102 ritatem
780 2058 973 2101 suam
1052 2038 1457 2101 restitueret.
1541 2036 1936 2102 Pactionem
2010 2046 2239 2102 autem
2305 2038 2608 2102 inierunt
2667 2035 2780 2118 (cf.

439 2166 507 2231 p.
583 2143 754 2227 146),
818 2165 952 2229 qua
1011 2143 1325 2230 pactione
1391 2142 1754 2208 Corinthus
1823 2150 1892 2207 et
1961 2143 2214 2229 Sicyon
2240 2198 2245 2203 .
2268 2144 2342 2208 in
2410 2143 2785 2209 Ptolemaei

440 2256 778 2337 potestate
858 2256 1270 2332 manserunt,
1354 2249 1655 2335 Megara,
1735 2250 2000 2315 Chalcis
2077 2256 2143 2315 et
2212 2251 2493 2315 Euboea
2560 2250 2784 2315 denuo

443 2357 805 2423 Cassandri
849 2356 1044 2421 fiunt.
1136 2358 1368 2421 Etiam
1438 2357 1586 2422 aliis
1656 2357 1730 2421 in
1776 2357 2164 2443 regionibus
2205 2356 2583 2422 Cassander
2630 2378 2783 2422 auc-

441 2465 785 2531 toritatem
854 2486 1043 2529 suam
1108 2464 1430 2547 firmavit,
1478 2464 1552 2528 in
1598 2464 1830 2552 Epiro,
1878 2465 2187 2548 Athenis,
2237 2464 2506 2548 Thebis,
2553 2463 2785 2551 Mega-

443 2570 759 2657 lopolide.

499 2679 624 2744 ‘Et
670 2681 833 2745 dum
877 2680 948 2744 hi
992 2680 1332 2767 principes
1377 2680 1636 2745 viribus
1676 2679 2086 2763 crescebant,
2129 2680 2463 2766 Antigoni
2486 2680 2786 2746 conditio

442 2788 806 2876 praecipue
852 2787 1058 2852 caede
1104 2786 1400 2852 filiorum
1444 2786 1820 2851 Alexandri
1869 2787 2235 2851 admodum
2262 2787 2620 2852 debilitata
2642 2794 2784 2851 est:

446 2896 610 2960 dum
675 2894 776 2960 illi
845 2894 1025 2958 enim
1093 2894 1443 2976 vivebant,
1513 2894 1784 2959 nomine
1849 2896 2037 2979 regio
2102 2901 2456 2980 tamquam
2521 2895 2789 2982 imperii

443 3008 839 3089 procurator
883 3001 1159 3087 reliquis
1204 3001 1626 3089 principibus
1674 3002 2071 3066 adversatus
2119 3008 2283 3086 erat,
2331 3024 2513 3067 nunc
2537 3008 2785 3086 autem,

447 3108 783 3174 defunctis
828 3108 980 3192 illis,
1028 3108 1216 3174 nullo
1255 3107 1409 3194 jure
1448 3109 1576 3172 niti
1619 3107 1864 3195 potuit,
1914 3130 2047 3193 quo
2072 3131 2215 3174 sese
2238 3115 2475 3175 contra
2496 3109 2789 3195 reliquos

445 3216 784 3304 principes
833 3215 1209 3280 sustineret.

363 3309 366 3311 ’
536 3321 729 3401 Quod
799 3328 1026 3388 autem
1094 3344 1358 3409 semper
1423 3323 1552 3388 hoc
1619 3324 1980 3410 prohibere
2048 3323 2122 3387 in
2183 3323 2408 3388 animo
2469 3323 2787 3407 habebat,

447 3431 804 3516 quominus
864 3429 1111 3515 reliqui
1176 3437 1521 3517 praetores
1585 3428 1699 3515 jus
1767 3430 2131 3518 imperium
2198 3429 2325 3494 sibi
2393 3430 2790 3494 vindicandi
2853 3450 2857 3455 ·

447 3536 998 3623 adipiscerentur,
1048 3537 1344 3602 ostendit
1390 3539 1598 3603 caede
1638 3537 2039 3625 Cleopatrae
2064 3536 2151 3620 ³)3
2199 3559 2377 3623 quae
2399 3536 2789 3602 Ptolemaeo

445 3650 745 3730 nuptura
807 3651 972 3726 erat,
1036 3645 1230 3728 eique
1277 3651 1630 3730 tamquam
1675 3646 1918 3710 marito
1964 3645 2206 3710 unicae
2253 3644 2519 3709 heredis
2565 3644 2788 3730 legiti-

445 3773 618 3834 mae,
695 3750 854 3836 jura
923 3751 1260 3837 quaedam
1324 3752 1593 3840 imperii
1663 3752 2186 3817 administrandi
2254 3751 2546 3816 allatura
2608 3758 2787 3832 erat;

443 3880 609 3922 nam
675 3858 881 3922 etiam
951 3880 1132 3923 nunc
1199 3858 1587 3946 Antigonus
1657 3859 1742 3924 de
1809 3859 1938 3924 hac
2008 3859 2403 3944 quaestione
2464 3857 2786 3923 certabat.

448 3964 612 4030 Sine
659 3965 865 4030 dubio
914 3972 1140 4030 autem
1186 3966 1429 4051 reliqui
1473 3962 1838 4053 praetores,
1896 3964 2294 4048 Cassander,
2341 3964 2789 4051 Lysimachus

446 4077 516 4136 et
561 4072 988 4138 Ptolemaeus
1034 4073 1259 4160 parati
1307 4078 1501 4138 erant
1545 4073 1913 4139 concedere
1959 4072 2307 4158 Antigono
2365 4072 2792 4160 provinciam

502 4329 547 4395 1)
586 4330 730 4384 Plut.
769 4331 838 4384 de
876 4331 1074 4385 vitioso
1115 4332 1330 4401 pudore
1366 4332 1399 4385 4
1439 4332 1629 4386 Moral.
1671 4350 1725 4401 p.
1768 4332 1874 4386 530
1909 4333 1971 4386 D.

504 4416 553 4485 2)
592 4418 750 4472 Diod.
791 4420 875 4474 20.
912 4419 995 4473 28.
1034 4421 1082 4474 2.

503 4507 551 4576 3)
588 4508 748 4563 Diod.
788 4510 872 4563 20.
910 4510 995 4563 37.
1033 4511 1083 4564 3.
