3338 5350
1659 473 1789 537 120

638 669 777 734 Sed
822 689 1043 754 neque
1088 667 1307 753 magis
1372 666 1472 732 illi
1516 689 1641 754 per
1684 666 1968 754 longum
2014 674 2282 755 tempus
2321 667 2459 732 hac
2502 667 2576 732 in
2619 689 2693 733 re
2737 689 2889 755 per-

548 796 858 841 severare
925 779 1314 862 potuerunt,
1383 775 1437 838 si
1503 773 1783 860 quidem
1848 795 1986 839 non
2066 779 2601 861 protegerentur,
2671 796 2892 860 neque

547 882 812 967 gratiae
854 880 937 944 iis
981 878 1414 963 referrentur,
1462 902 1668 966 quam
1714 886 2028 968 satrapae
2071 881 2145 945 in
2188 880 2326 945 fide
2360 904 2483 946 sua
2505 902 2892 968 persevera-

549 988 737 1071 bant,
830 1008 984 1052 cum
1050 987 1391 1052 vindicem
1463 1008 1740 1051 manum
1823 1008 1962 1052 non
2048 987 2336 1074 amplius
2426 987 2895 1052 imminentem

549 1094 884 1159 viderent.

637 1199 1009 1287 Praecipue
1075 1199 1414 1265 veteranis
1484 1199 1811 1264 militibus
1882 1199 2329 1265 Macedonicis
2400 1199 2474 1264 in
2517 1199 2703 1283 Asia,
2774 1201 2896 1286 qui

552 1305 676 1371 sub
720 1303 1113 1370 Alexandro
1161 1305 1501 1393 stipendia
1545 1305 1875 1389 fecerunt,
1915 1327 2164 1371 nomen
2187 1307 2453 1392 regium
2478 1306 2899 1392 aliquamdiu

552 1412 836 1479 verbum
879 1411 1221 1497 magicum
1266 1410 1417 1496 fuit,
1467 1413 1650 1499 quod
1698 1434 2091 1498 numquam,
2138 1434 2225 1477 ne
2266 1414 2444 1501 apud
2486 1435 2597 1480 eos
2622 1413 2898 1498 quidem

552 1520 669 1606 qui
717 1518 901 1606 apud
948 1517 1377 1603 Antigonum
1444 1519 1786 1606 stipendia
1848 1517 2175 1602 fecerunt,
2246 1519 2494 1585 effectu
2544 1526 2803 1585 careret
2822 1518 2898 1605 1).

555 1626 741 1705 Quae
803 1646 910 1690 res
978 1631 1211 1690 tamen
1280 1627 1528 1690 sensim
1564 1625 2083 1713 paullatimque·
2124 1627 2481 1692 imminuta
2529 1634 2648 1709 est,
2693 1632 2901 1713 prout

552 1732 860 1799 veterani
923 1731 1027 1796 illi
1094 1730 1344 1797 milites
1392 1733 1785 1817 interibant,
1849 1732 2235 1819 tironesque
2280 1735 2351 1798 in
2398 1755 2630 1799 eorum
2675 1733 2899 1799 locum

553 1839 1021 1907 succedebant.
1117 1837 1434 1904 Ceterum
1503 1841 1803 1905 exercitu
1871 1840 2227 1927 imperiali
2297 1846 2660 1928 postquam
2703 1840 2904 1906 Anti-

552 1951 749 2034 pater
792 1952 1192 2033 procurator
1233 1947 1457 2032 regius
1503 1953 1772 2011 creatus
1822 1953 1942 2029 est,
1991 1969 2128 2013 non
2170 1947 2463 2034 amplius
2509 1948 2901 2030 utebantur,

555 2075 688 2139 quo
756 2051 1117 2140 imperium
1185 2052 1684 2136 confirmarent,
1773 2060 1839 2118 et
1906 2055 2075 2118 haec
2154 2053 2429 2118 demum
2501 2052 2635 2119 fiu't
2700 2054 2907 2119 tertia

555 2161 1037 2245 consequentia
1107 2182 1283 2246 quae
1349 2182 1433 2225 ex
1499 2159 1703 2246 hujus
1754 2182 1976 2226 errore
2020 2160 2365 2248 profluxit.
2456 2160 2635 2226 Nam
2680 2161 2937 2248 reditu*

557 2288 676 2337 suo
721 2269 796 2331 in
817 2267 1289 2332 Macedoniam
1312 2268 1678 2355 Antipater
1711 2274 1983 2333 coactus
2025 2275 2173 2332 erat
2195 2275 2314 2333 aut
2333 2290 2561 2334 secum
2582 2269 2906 2333 reducere

557 2374 926 2439 exercitum
972 2396 1055 2438 ex
1100 2372 1284 2457 Asia,
1334 2380 1453 2438 aut
1502 2373 1794 2438 alterum
1843 2374 2086 2439 ducem
2148 2374 2307 2440 huic
2350 2374 2736 2462 praeficere.
2830 2373 2911 2439 Si

555 2482 850 2568 primum
918 2478 1206 2563 fecisset,
1305 2480 1543 2545 eodem
1628 2487 1934 2567 tempore
2020 2502 2220 2546 omne
2286 2481 2703 2568 praesidium
2770 2503 2908 2567 quo

555 2588 825 2675 imperii
872 2588 1366 2652 administratio
1415 2589 1889 2653 auctoritatem
1950 2610 2143 2653 suam
2190 2589 2264 2653 in
2309 2589 2476 2654 Asia
2522 2589 2905 2670 sustineret,

557 2695 968 2775 sustulisset;
1016 2694 1136 2758 sed
1182 2716 1264 2758 ex
1311 2693 1523 2759 altero
1564 2694 1866 2778 consilio,
1914 2696 2098 2781 quod
2137 2696 2343 2761 etiam
2383 2703 2736 2762 exsecutus
2782 2701 2908 2778 est,

556 2802 931 2867 necessario
998 2822 1106 2865 res
1172 2800 1641 2888 profluxerunt
1711 2802 1797 2867 ab
1844 2803 2028 2867 omni
2076 2809 2272 2890 parte
2319 2805 2734 2891 perniciosae
2780 2804 2907 2867 im-

557 2909 777 2997 peri03
829 2907 1009 2994 quod
1058 2907 1265 2971 etiam
1312 2914 1563 2972 eventu
1611 2907 2085 2974 confirmatum
2130 2916 2251 2974 est.
2300 2909 2686 2995 Antigonus
2725 2911 2910 2974 enim

558 3014 857 3081 exercitu
922 3013 1043 3079 illo
1112 3035 1269 3079 mox
1337 3037 1496 3079 usus
1567 3022 1687 3099 est,
1764 3037 1898 3101 quo
1968 3022 2203 3081 contra
2272 3017 2497 3103 ipsum
2543 3016 2908 3102 imperium

558 3120 815 3186 bellum
859 3126 1143 3206 gereret,
1186 3143 1318 3206 quo
1367 3121 1438 3185 id
1488 3120 1790 3187 efficeret
1836 3129 1911 3186 ut
1956 3128 2334 3209 postremus
2359 3123 2615 3187 vindex
2634 3121 2911 3209 imperii

557 3229 632 3293 in
678 3227 865 3310 Asia,
913 3226 1274 3310 EumeneS,
1322 3229 1882 3314 exstingueretur.

648 3333 853 3398 Forte
922 3332 1199 3398 fortuna
1266 3335 1447 3399 enim
1517 3335 1782 3422 accidit,
1849 3341 1929 3399 ut
1999 3341 2285 3401 exeunte
2348 3357 2526 3401 anno
2572 3336 2702 3399 319
2748 3357 2909 3422 pars

561 3440 891 3507 exercitus
957 3440 1204 3526 exigua
1273 3441 1567 3527 quidem,
1639 3443 1755 3506 sed
1806 3442 2084 3508 maximi
2128 3442 2473 3524 momenti,
2543 3442 2675 3505 tria
2722 3441 2914 3506 milia

559 3547 681 3611 illa
751 3548 1346 3635 argyraspidarum
1418 3547 1502 3612 ab
1572 3548 1924 3634 Antigono
1995 3548 2228 3631 libera,
2298 3547 2593 3613 Eumeni
2636 3554 2910 3635 praesto

561 3653 833 3737 fuerint,
886 3654 1055 3719 adeo
1100 3659 1179 3717 ut
1223 3654 1382 3719 huic
1426 3655 1620 3742 copia
1665 3655 1829 3720 data
1874 3657 1963 3720 sit
2008 3654 2423 3720 defendendi
2477 3677 2599 3743 per
2647 3676 2758 3720 eos
2801 3676 2910 3719 res

560 3759 1033 3825 Macedonicas
1081 3760 1153 3824 in
1195 3759 1362 3824 Asia
1409 3759 1590 3826 claro
1636 3760 1754 3826 illo
1800 3762 2022 3827 modo.
2093 3760 2434 3826 Eumenes
2482 3767 2721 3849 sponte
2765 3783 2911 3826 sese

562 3867 902 3932 vindicem
948 3867 1215 3954 imperii
1264 3866 1532 3950 obtulit,
1585 3867 2017 3954 belligeravit
2060 3889 2215 3932 cum
2259 3867 2628 3954 AntigonO,
2676 3888 2910 3933 omnes

616 4149 666 4215 1)
705 4149 771 4203 cf.
810 4150 1285 4204 narratiunculam
1323 4150 1473 4219 apud
1508 4150 1653 4204 Plut.
1693 4151 1851 4204 Eum.
1892 4151 1977 4203 12.
2017 4150 2086 4204 de
2104 4150 2287 4219 lepido
2307 4149 2474 4204 modo
2496 4166 2607 4217 quo
2630 4150 2911 4203 Eumenes

564 4239 873 4294 reverentia
928 4238 1023 4292 illa
1079 4239 1317 4293 militum
1373 4240 1580 4293 abusus
1635 4239 1724 4307 sit,
1778 4243 1843 4293 ut
1897 4239 2235 4309 Antigonum
2284 4240 2579 4308 deciperet,
2637 4241 2703 4292 ut
2740 4237 2910 4291 aliam

564 4328 881 4397 pactionem
939 4344 1107 4395 quam
1162 4328 1252 4381 hic
1307 4328 1438 4381 fecit
1489 4329 1616 4396 jure
1669 4328 1910 4396 jurando
1967 4330 2337 4393 confirmaret,
2377 4328 2515 4384 adeo
2558 4330 2621 4381 ut
2659 4326 2813 4382 nulla
2846 4343 2912 4386 rc

568 4416 842 4492 Antigono
883 4432 1146 4472 concessa
1182 4416 1392 4472 Noram
1427 4416 1726 4492 reliquerit.
