3338 5350
1508 500 1633 564 161

491 697 575 762 In
618 697 856 784 Illyria
928 720 1196 784 quoque
1262 696 1692 762 matrimonio
1759 718 1879 761 suo
1947 717 2103 761 cum
2160 694 2304 761 filia
2346 694 2737 782 Bardylidis

400 805 581 891 regis
625 805 926 891 Pyrrhus
975 804 1376 870 auctoritate
1419 803 1658 886 valuit,
1708 800 2073 888 Corcyram
2110 808 2228 867 aut
2266 804 2412 890 ipse
2442 801 2589 888 jam
2633 803 2739 867 his

401 911 816 998 temporibus
863 912 1046 998 cepit
1065 911 1114 994 1)
1187 918 1304 976 aut
1346 932 1471 997 per
1518 909 1898 975 absentiam
1945 908 2087 995 ejus
2144 910 2217 973 in
2260 909 2465 974 Italia
2513 933 2554 975 a
2600 909 2739 975 filio

404 1017 547 1104 ejus
593 1018 984 1084 Ptolemaeo
1044 1039 1256 1104 regno
1326 1015 1651 1102 adjuncta
1698 1022 1799 1082 est
1823 1016 1893 1099 2).
1986 1014 2319 1103 Quicquid
2367 1017 2494 1081 hac
2539 1017 2626 1081 de
2670 1038 2740 1081 re

406 1130 524 1209 est,
570 1125 819 1212 Epirus
868 1147 909 1189 a
951 1125 1214 1210 Pyrrho
1259 1124 1529 1189 firmata
1573 1130 1642 1187 et
1665 1121 2080 1211 amplificata
2116 1128 2237 1207 est,
2286 1145 2573 1209 regnum
2596 1123 2741 1208 ejus

405 1232 899 1297 validissimum
947 1229 1256 1297 Cerauno
1302 1237 1631 1318 perpetuo
1676 1230 1978 1318 periculo
2024 1229 2174 1295 fuit.

493 1338 879 1424 Antigonus
946 1337 1077 1403 fuit
1148 1337 1574 1404 adversarius
1643 1337 1829 1402 haud
1900 1340 2120 1403 minus
2188 1338 2741 1421 contemnenduS‚

405 1446 824 1532 Magnesiam
872 1452 941 1509 et
982 1445 1331 1510 Euboeam
1377 1444 1543 1509 urbe
1588 1445 2026 1510 Demetriade
2089 1444 2406 1528 cohibuit,
2461 1444 2743 1510 societas

404 1553 727 1618 Boeotica
795 1575 947 1617 cum
1016 1574 1095 1618 eo
1165 1550 1437 1618 foedere
1476 1550 1719 1637 juncta
1759 1557 1922 1636 erat,
1991 1551 2306 1617 Athenae
2353 1558 2421 1616 et
2465 1551 2744 1616 Piraeus

410 1658 725 1724 libertate
796 1659 1071 1744 quidem
1142 1657 1562 1742 fruebantur,
1610 1665 1843 1724 tamen
1888 1657 2235 1744 Antigono
2274 1657 2510 1724 favere
2556 1659 2744 1724 vide-

407 1767 661 1831 bantur
680 1765 752 1853 3).

494 1874 577 1938 In
651 1874 1117 1961 Peloponneso
1183 1880 1513 1960 occupata
1578 1873 1822 1938 habuit
1888 1873 2310 1961 Epidaurum
2357 1878 2425 1937 et
2469 1871 2745 1938 Troeze—

407 2004 566 2046 nem
590 1980 668 2067 ⁴),
718 1978 1079 2046 Corinthus
1123 1988 1193 2045 et
1228 1980 1510 2066 Megara
1552 1980 1838 2067 perinde
1885 1979 1946 2044 ei
1991 1980 2401 2046 oboedibant
2426 1978 2500 2068 ⁵),
2525 1979 2744 2064 Argos

408 2095 476 2152 et
525 2087 767 2174 Sicyon
820 2110 859 2152 a
903 2087 1211 2174 partibus
1264 2087 1408 2173 ejus
1433 2092 1784 2170 steterunt,
1811 2088 2010 2152 urbes
2035 2086 2373 2153 Achaicae
2394 2086 2743 2174 praesidiis

407 2195 735 2280 Antigoni
814 2195 1118 2259 munitae
1186 2201 1381 2259 erant
1405 2193 1473 2273 6).
1542 2193 1686 2259 Elis
1756 2216 2024 2280 quoque
2094 2193 2156 2259 ei
2223 2193 2514 2260 obnoxia
2582 2198 2745 2275 erat,

409 2301 856 2388 Megalopolis
902 2306 972 2365 et
1018 2302 1190 2366 aliae
1236 2302 1436 2366 urbes
1483 2301 1822 2366 Arcadiae
1853 2302 2185 2387 Antigoni
2208 2302 2400 2367 sociis
2425 2301 2746 2366 adnume-

408 2408 755 2490 rabantur‚
817 2407 932 2473 vel
995 2407 1243 2495 Sparta
1291 2408 1425 2473 illis
1470 2407 1887 2495 temporibus
1931 2407 2113 2474 bello
2163 2408 2246 2473 ab
2296 2430 2373 2473 eo
2419 2407 2747 2490 lacessita,

409 2515 567 2579 inde
616 2514 700 2579 ab
748 2536 925 2580 anno
970 2514 1222 2602 285s84
1266 2515 1449 2580 victa
1488 2521 1554 2579 et
1602 2515 2100 2601 quodammodo
2139 2516 2201 2580 ei
2228 2513 2520 2581 obnoxia
2541 2512 2750 2578 fuisse

410 2621 683 2687 videtur
711 2621 777 2707 ⁷).
826 2621 916 2687 Et
963 2623 1036 2686 in
1084 2619 1558 2710 Septentrione
1590 2622 1915 2709 Pyrrhae,
1946 2620 2197 2708 alioqui
2218 2621 2398 2689 ultro
2419 2620 2749 2707 Antigoni

415 2729 857 2813 adversarius,
906 2750 1088 2793 nunc
1133 2751 1288 2794 cum
1331 2752 1408 2796 eo
1455 2752 1686 2818 pacem
1739 2732 1897 2816 egit,
1946 2730 2059 2796 vel
2089 2729 2362 2796 foedere
2385 2730 2444 2795 ei
2473 2727 2749 2815 adjunc-

412 2841 521 2900 tus
614 2840 758 2900 erat
809 2835 877 2920 ⁸),
962 2834 1190 2901 Aetoli
1276 2858 1540 2922 quoque
1611 2838 1825 2902 auctis
1894 2837 2141 2902 finibus
2211 2837 2528 2903 societate
2599 2857 2750 2900 cum

413 2943 761 3028 Antigono
800 2941 1023 3029 juncti
1069 2948 1265 3008 erant
1287 2943 1359 3028 9).

476 3218 516 3286 ¹)
554 3221 752 3275 Justin.
793 3222 877 3275 25.
916 3223 967 3274 4.
1004 3221 1054 3275 8.

469 3317 517 3384 2)
557 3319 719 3373 Paus.
761 3320 806 3371 1.
847 3320 931 3373 12.
971 3320 1017 3373 1.
1059 3320 1220 3375 Niese
1256 3320 1305 3373 2.
1343 3321 1394 3374 6.
1434 3337 1558 3374 ann.
1597 3320 1646 3373 5.

467 3415 515 3482 3)
552 3435 602 3470 v.
639 3417 936 3472 Wilamow.
993 3436 1046 3486 p.
1085 3418 1214 3472 259:
1279 3419 1518 3486 „Athens
1556 3418 1812 3488 Stellung
1847 3437 1919 3473 zu
1956 3418 2063 3473 den
2099 3419 2343 3473 Aitolern
2380 3420 2452 3473 ist
2486 3420 2541 3473 in
2579 3419 2756 3474 dieser

424 3507 570 3574 „Zeit
625 3506 1023 3561 fortdauerend
1078 3511 1196 3577 gut,
1258 3507 1375 3561 und
1432 3508 1603 3561 sehon
1660 3507 1760 3561 das
1799 3512 2013 3562 musste
2052 3509 2129 3562 sie
2166 3508 2309 3562 auch
2346 3526 2417 3562 zu
2454 3508 2758 3578 Antigonos

422 3595 749 3666 „ertraglich
786 3596 1032 3650 stellen.''

367 3678 378 3689 “
466 3691 512 3759 4)
548 3692 776 3747 Frontin
812 3693 847 3746 3
900 3695 950 3747 6.
990 3694 1038 3745 7.
1083 3694 1343 3764 Polyaen.
1383 3695 1432 3748 2.
1477 3695 1561 3748 29.
1603 3695 1653 3749 1.

468 3787 518 3855 5)
556 3789 713 3844 Diod.
736 3791 838 3858 ¹20.
880 3791 1000 3845 103.
1037 3791 1182 3846 Plut.
1223 3791 1380 3846 Dem.
1419 3793 1486 3846 51
1526 3796 1582 3846 et
1617 3792 1703 3846 53.

467 3885 519 3955 6)
556 3888 750 3958 Polyb.
788 3889 837 3942 2.
876 3890 960 3943 41.
1000 3889 1048 3942 9.

471 3984 522 4051 7)
563 3986 761 4040 Euseb.
819 3986 1018 4040 Chron.
1082 4003 1169 4056 ap.
1219 4005 1271 4043 v.
1308 3988 1611 4043 Wilamow.
1650 4006 1703 4059 p.
1742 3987 1873 4042 258:
1935 3987 2272 4059 „Antigonus
2309 3990 2555 4044 Gonatas
2591 3990 2758 4044 Lace-

424 4073 778 4143 „daemonios
814 4075 1027 4129 tenuit''
1066 4077 1132 4130 cf.
1171 4077 1374 4132 Justin.
1414 4077 1498 4130 24.
1540 4077 1587 4130 1.
1625 4078 1676 4131 3.

470 4171 521 4238 8)
557 4172 721 4226 Paus.
760 4173 807 4226 1.
850 4174 933 4228 10.
973 4174 1023 4227 2.

470 4267 518 4334 9)
554 4269 745 4340 Polyb.
784 4271 834 4324 2.
874 4271 959 4325 45.
999 4272 1059 4335 1;
1098 4272 1148 4325 2.
1186 4273 1271 4325 43.
1309 4273 1370 4339 9;
1409 4273 1459 4326 9.
1499 4273 1585 4326 34.
1624 4275 1674 4327 6.
1713 4270 1822 4322 ἐπεὶ
1855 4275 1987 4331 τίνες
2023 4275 2075 4322 οἱ
2102 4275 2188 4324 τὸν
2225 4274 2509 4355 Ἀντίγονόν
2545 4275 2637 4324 εἰσ-ι
2673 4278 2757 4325 τὸν

418 4359 700 4421 Δημητρίου
739 4359 1179 4423 παρακαλέσαντες
1210 4360 1293 4411 ἐπὶ
1324 4360 1551 4425 διαιρέσει
1570 4367 1664 4412 τοῦ
1682 4368 1776 4412 τῶν
1797 4369 2025 4427 Ἀχαιῶν
2042 4360 2225 4421 ἔθνους.
2274 4365 2467 4435 Droys.
2489 4365 2536 4418 2.
2560 4365 2609 4419 2.
2635 4365 2755 4419 332.

416 4465 468 4503 v.
509 4447 806 4504 Wilamow.
845 4449 964 4504 259.

2479 4508 2543 4606 ἰι
