3338 5350
1700 514 1826 578 172

595 721 723 794 pcr‘
764 708 1218 793 conjecturam
1290 712 1587 773 statuere
1661 708 1914 792 ausim3
1986 715 2221 774 extant
2266 709 2365 774 illi
2432 711 2713 792 nummi,
2786 710 2948 773 satis

592 814 877 901 pulchra
926 815 1338 902 exemplaria
1384 821 1656 902 praesto
1707 822 1863 879 sunt
1911 816 1985 880 in
2030 816 2424 881 collectione
2470 817 2660 900 regia
2707 815 2950 900 Hagae

594 918 896 1005 Comitis,
966 922 1085 986 sed
1133 922 1246 986 ubi
1292 941 1519 986 rerum
1568 924 1922 1009 scriptores
1984 922 2070 987 ab
2117 925 2301 988 omni
2353 929 2546 1010 parte
2604 921 2947 1003 deficiunt,

592 1028 761 1093 nulli
809 1028 943 1119 alii·
964 1034 1167 1093 testes
1217 1028 1412 1094 nobis
1459 1030 1645 1098 Viam
1693 1029 1778 1093 ad
1827 1029 2191 1095 veritatem
2246 1035 2622 1096 monstrare
2643 1035 2945 1116 possunt.

595 1136 743 1200 Hoc
788 1141 1059 1200 tantum
1096 1135 1496 1201 concludere
1543 1134 1772 1217 velim,
1822 1135 2077 1201 bellum
2121 1135 2292 1201 illud
2332 1137 2508 1200 inter
2530 1134 2946 1202 Antiochum

589 1251 659 1308 et
708 1242 1134 1327 Antigonum
1177 1241 1394 1308 multo
1438 1242 1643 1307 latius
1674 1242 1999 1327 flagrasse
2025 1265 2232 1329 quam
2258 1243 2466 1327 vulgo
2492 1244 2943 1330 suspicantur,

597 1351 715 1417 sed
767 1349 1010 1435 quibus
1055 1350 1216 1415 locis
1263 1356 1540 1434 gestum
1577 1350 1665 1414 sit
1710 1349 1901 1414 nullo
1946 1349 2148 1416 modo
2196 1349 2424 1414 dirimi
2469 1355 2712 1436 potest.
2783 1348 2830 1414 J
2835 1371 2946 1413 am

595 1457 926 1543 sequenti.
952 1478 1130 1522 anno
1173 1478 1280 1522 res
1328 1456 1668 1542 dirempta
1723 1463 1843 1539 est,
1890 1456 2363 1521 verosimiliter
2407 1456 2638 1520 navali
2687 1477 2948 1543 pugna,

595 1564 984 1651 Antigonus
1053 1564 1271 1630 victor
1317 1562 1553 1645 evasit,
1627 1561 2006 1628 Antiochus
2076 1585 2160 1628 ex
2199 1564 2475 1650 Europa
2538 1563 2774 1650 pulsus
2821 1569 2945 1645 est,

591 1673 982 1758 Antigonus
1023 1672 1169 1757 jam
1216 1670 1301 1737 ab
1348 1691 1427 1735 eo
1468 1676 1821 1755 tamquam
1843 1691 1964 1734 rex
1988 1670 2424 1736 Macedoniae
2452 1670 2842 1755 agnoscitur
2870 1670 2941 1749 1).

682 1781 828 1848 Nec
896 1787 1126 1845 tamen
1193 1775 1322 1844 hac
1389 1798 1559 1865 pace
1619 1776 1805 1841 facta
1848 1778 2237 1863 Antigonus
2290 1777 2593 1843 Gonatas
2633 1777 2779 1863 jam
2827 1800 2951 1842 rex

594 1887 1036 1954 Macedoniae
1080 1884 1435 1951 habendus
1482 1890 1605 1949 est.
1698 1884 1879 1949 Nam
1944 1885 2167 1950 denuo
2234 1886 2306 1949 in
2345 1884 2635 1950 Thracia
2680 1891 2950 1949 certan-

596 1996 762 2060 dum
805 2000 951 2059 erat
997 1998 1233 2062 contra
1276 1989 1513 2058 Gallos
1561 1992 1678 2077 qui
1717 1990 2259 2058 Chersonnesum
2282 1993 2668 2074 vastabant,
2714 1991 2948 2079 profli-

594 2097 848 2189 gantur
893 2122 1055 2166 sane
1100 2098 1374 2165 barbari
1424 2099 1607 2185 apud
1653 2097 2179 2184 Lysimachiam,
2242 2100 2359 2165 sed
2409 2100 2632 2164 adhuc
2676 2101 2751 2164 in
2797 2100 2951 2186 ipsa

596 2210 999 2276 Macedonia
1058 2209 1232 2275 varii
1298 2208 1774 2296 competitores
1842 2207 1929 2271 de
1998 2208 2274 2272 suminis
2320 2206 2520 2272 rebus
2568 2205 2946 2272 certabant.

599 2317 852 2383 Contra
923 2338 1033 2383 eos
1079 2315 1467 2402 Antigonus
1518 2337 1661 2380 sese
1707 2315 1913 2381 vertit
1965 2320 2121 2401 post
2167 2335 2474 2402 pugnam
2524 2314 2708 2401 apud
2753 2312 2950 2400 Lysi—

595 2424 953 2507 machiam,
1003 2429 1081 2487 ut
1123 2421 1275 2488 illos
1323 2422 1703 2506 subjiceret.
1750 2421 1979 2487 Facile
2026 2421 2233 2487 etiam
2271 2422 2374 2486 his
2418 2420 2583 2487 locis
2629 2422 2951 2508 princeps

599 2531 822 2596 factus
890 2535 1012 2611 est,
1083 2529 1327 2616 reliqui
1370 2530 1710 2617 principes
1776 2551 1929 2593 eum
1976 2534 2328 2614 tamquam
2371 2549 2606 2615 regem
2650 2549 2951 2614 agnove-

598 2644 780 2706 runt.
828 2637 947 2725 (a0.
995 2638 1174 2722 277).
2813 2723 2820 2729 1

690 2745 1059 2834 Supererat
1081 2744 1535 2833 Apollodorus
1561 2744 2040 2810 Cassandreae.
2134 2744 2267 2810 Hic
2297 2745 2480 2809 enim
2505 2764 2772 2830 semper
2794 2765 2951 2830 per-

598 2852 807 2940 gebat
853 2855 1112 2919 saevire
1158 2852 1231 2916 in
1270 2850 1575 2916 infelices
1622 2853 1802 2917 cives
1858 2872 2030 2934 suQS‚
2094 2849 2497 2916 crudelitate
2544 2854 2613 2914 et
2659 2849 2954 2914 saevitia

601 2981 746 3025 sese
790 2959 1126 3024 sustinuit.
1174 2959 1374 3024 Nunc
1420 2965 1648 3023 autem
1694 2957 1874 3022 bello
1895 2958 2245 3022 lacessitus
2271 2964 2372 3022 est
2397 2956 2482 3021 ab
2505 2955 2878 3041 Antigono.
2900 2956 2952 3037 2)

600 3066 780 3133 Urbs
825 3065 1191 3148 obsidetur,
1270 3064 1591 3152 Spartani
1638 3064 2057 3153 Apollodoro
2127 3069 2526 3129 succurrunt
2573 3062 2952 3148 Cleonymo

601 3174 791 3255 duce,
839 3171 1124 3238 fortasse
1168 3173 1539 3257 instigante
1562 3172 1956 3238 Ptolemaeo
1977 3170 2450 3257 Philadelpho.
2501 3169 2637 3236 Sed
2666 3170 2956 3235 tandem

603 3279 762 3344 urbs
830 3279 1116 3366 capitur,
1185 3280 1571 3364 Antigonus
1639 3280 1804 3344 inde
1873 3278 1959 3342 ab
2026 3277 2155 3342 hoc
2222 3284 2529 3364 tempore
2573 3297 2692 3341 rex
2739 3277 2952 3342 totius

603 3385 1043 3451 Macedoniae
1082 3386 1435 3451 habendus
1484 3393 1584 3452 est
1628 3390 1742 3467 (a0.
1790 3387 1967 3468 276).

656 3757 706 3817 1)
742 3756 939 3811 Justin.
997 3755 1081 3809 25.
1141 3755 1187 3809 1.
1247 3756 1294 3809 1.
1351 3773 1400 3811 v.
1457 3754 1656 3809 Gelder
1712 3771 1765 3822 p.
1822 3753 1894 3806 80
1948 3756 2005 3808 et
2040 3752 2126 3806 81.
2178 3754 2340 3808 Niese
2377 3753 2428 3806 2.
2466 3753 2535 3806 22
2572 3769 2698 3806 ann.
2737 3752 2788 3806 4.
2828 3754 2953 3822 jam

605 3848 817 3900 aestate
854 3846 983 3899 anni
1018 3845 1123 3899 279
1159 3846 1290 3901 huic
1325 3845 1469 3898 bello
1507 3846 1675 3898 finem
1711 3843 1948 3912 imponit
1984 3857 2050 3895 ea
2084 3859 2146 3895 re
2168 3842 2371 3896 ductus
2394 3841 2545 3908 quod
2564 3843 2620 3894 et
2637 3841 2954 3896 Antiochus

608 3937 664 3989 et
700 3934 1007 4004 Antigonus
1044 3934 1231 4002 copias
1268 3932 1538 3987 miserunt
1575 3933 1645 3987 ad
1683 3931 2098 4002 Thermopylas,
2140 3948 2283 3998 quae
2320 3931 2396 3984 ibi
2432 3930 2636 3984 adsunt
2671 3934 2953 3985 autumno

606 4028 858 4092 tempore
895 4023 1142 4093 ejusdem
1178 4022 1323 4076 anni.
1364 4020 1474 4075 Sed
1510 4038 1635 4075 mea
1673 4021 1896 4089 quidem
1933 4020 2213 4075 sententia
2242 4021 2352 4073 hoc
2388 4035 2499 4073 non
2538 4022 2622 4075 est
2653 4035 2957 4089 argumen-

607 4116 730 4166 tum
769 4129 868 4165 cur
905 4111 1111 4165 bellum
1147 4111 1366 4164 finitum
1404 4110 1487 4162 sit.
1526 4110 1715 4176 Aeque
1753 4126 1948 4163 eorum
1985 4108 2255 4161 intererat
2292 4112 2354 4162 ut
2395 4108 2628 4163 Graecia
2663 4107 2729 4161 iis
2769 4107 2958 4162 amica

611 4203 772 4267 esset,
827 4200 1021 4255 eodem
1075 4199 1241 4253 modo
1299 4214 1398 4267 per
1452 4197 1862 4252 mercennarios
1918 4196 2119 4250 milites
2175 4197 2383 4251 bellum
2433 4196 2716 4266 gerebant,
2757 4196 2958 4263 quidni

611 4293 848 4356 uterque
903 4287 1113 4342 miserit
1167 4287 1432 4355 exiguum
1487 4302 1783 4340 numerum
1835 4285 1907 4339 ad
1963 4284 2187 4339 Graecis
2226 4285 2616 4354 opitulandum
2651 4284 2709 4338 in
2750 4285 2957 4340 ultimo

611 4377 859 4447 periculo
873 4378 899 4430 ⁴?

662 4467 711 4524 2)
750 4466 912 4536 Trog.
948 4465 1094 4551 Prol.
1133 4464 1218 4517 25.
