3338 5350
1638 498 1766 563 106

532 702 758 762 autem
826 717 982 760 cum
1048 695 1391 761 Pausania
1412 696 1483 781 1).
1556 695 1799 781 Neque
1877 695 2094 780 magis
2164 715 2288 778 ego
2357 714 2502 757 rem
2550 692 2869 758 dirimere

531 804 768 888 ausim,
836 809 1065 869 tamen
1131 803 1260 869 hoc
1311 807 1805 888 argumentum
1873 802 2178 890 opinioni
2239 801 2321 866 vi.
2388 801 2472 865 di.
2543 798 2870 866 Schaefer

531 909 743 993 favet,
813 910 994 996 quod
1061 909 1251 975 nulla
1319 932 1522 975 causa
1589 909 1724 975 fuit
1791 931 1911 975 cur
1955 910 2419 998 MegalopoliS,
2486 932 2664 997 quae
2704 909 2867 973 urbs

531 1018 765 1105 quieta
809 1018 1060 1083 mansit
1079 1016 1500 1105 temporibus
1524 1017 2141 1104 PolysperchontiS‚
2168 1039 2352 1084 nunc
2374 1039 2516 1083 sese
2540 1021 2865 1099 moveret,

534 1147 575 1190 a
618 1125 1019 1190 Macedonia
1065 1124 1402 1190 deficeret.

619 1231 1145 1297 Lacedaemonii
1211 1237 1467 1314 contra,
1536 1231 1816 1314 Achaei,
1888 1232 2225 1298 Corinthii
2294 1240 2360 1297 et
2434 1231 2868 1318 Megarenses

532 1361 674 1404 sese
720 1337 978 1405 foederi
1024 1360 1162 1404 non
1209 1338 1598 1424 adjunxere,
1644 1338 1780 1404 huc
1825 1338 2000 1404 adde
2061 1338 2542 1426 Megalopolin,
2607 1344 2676 1403 et
2717 1342 2869 1403 tuto

529 1445 870 1535 perhiberi
937 1451 1162 1534 potest
1248 1446 1549 1511 studium
1637 1445 1973 1511 libertatis
2055 1447 2130 1511 in
2196 1445 2663 1532 Peloponneso
2728 1466 2870 1510 non

531 1559 799 1619 tantum
845 1551 1074 1637 fuisse,
1122 1560 1456 1640 quantum
1500 1553 1845 1641 expectari
1891 1553 2133 1643 potuit.

621 1659 758 1725 Sed
805 1660 968 1726 dum
1014 1666 1313 1727 oratores
1357 1660 1576 1726 Attici
1620 1682 1891 1727 omnem
1937 1682 2214 1749 operam
2250 1661 2507 1726 dabant
2553 1666 2630 1725 ut
2672 1658 2869 1723 Pelo-

530 1789 911 1857 ponnesum
977 1768 1285 1835 societati
1354 1791 1514 1834 suae
1576 1768 2047 1855 adjungerent,
2096 1769 2260 1834 dum
2303 1790 2544 1834 revera
2587 1769 2871 1833 societas

530 1874 887 1941 Hellenica
933 1875 1275 1942 crescebat
1319 1877 1394 1940 in
1437 1876 1931 1964 Peloponneso,
1978 1877 2050 1941 in
2096 1876 2261 1964 ipsis
2285 1875 2448 1942 locis
2474 1876 2593 1940 ubi
2613 1873 2872 1939 bellum

529 1981 913 2068 gerebatur,
983 1981 1222 2048 foedus
1287 1984 1434 2068 jam
1501 1984 1573 2048 in
1644 2005 1722 2049 eo
1793 1989 1938 2048 erat
2003 1989 2079 2048 ut
2149 1982 2581 2065 dilaberetur,
2629 1980 2873 2047 saltem

532 2088 1021 2155 debilitaretur.
1112 2089 1340 2156 Aetoli
1388 2091 1567 2156 enim
1615 2090 1930 2179 auspiciis
1976 2089 2377 2156 Leosthenis
2425 2089 2511 2154 ad
2556 2087 2873 2154 Lamiam

532 2202 807 2281 stanteS,
875 2198 1172 2263 universi
1265 2204 1590 2263 autumno
1680 2204 1986 2286 tempore
2078 2198 2354 2263 domum
2421 2201 2871 2275 reverterunt,

534 2325 1028 2391 quamcumque
1096 2305 1182 2370 ob
1252 2326 1527 2371 causam
1572 2304 1648 2389 ²),
1744 2311 1988 2392 quarta
2032 2326 2191 2393 pars
2236 2304 2568 2369 exercitus
2612 2304 2742 2367 hac
2797 2324 2874 2368 re

533 2409 868 2476 obsidioni
931 2410 1237 2476 detracta
1303 2417 1422 2476 est.
1515 2411 1726 2477 Aliud
1791 2418 1858 2476 et
1919 2433 2083 2477 sane
2126 2411 2500 2477 maximum
2546 2410 2875 2475 damnum

533 2514 669 2581 fuit
734 2539 913 2584 mors
951 2517 1373 2604 Leosthenis,
1423 2541 1599 2606 quae
1647 2519 1843 2585 sociis
1892 2524 2252 2606 tantopere
2298 2517 2540 2602 obfuit,
2591 2524 2669 2582 ut
2712 2517 2876 2581 inde

535 2624 621 2690 ab
682 2624 810 2691 hoc
877 2631 1181 2715 tempore
1241 2626 1518 2693 fortuna
1580 2626 1951 2715 Antipatro
1998 2625 2250 2693 favisse
2296 2647 2434 2691 non
2474 2624 2692 2691 solum
2739 2624 2878 2690 dici

532 2733 763 2818 possit,
835 2734 951 2798 sed
1015 2734 1221 2799 etiam
1293 2737 1576 2802 societas
1622 2734 1981 2801 Hellenica
2028 2733 2241 2799 dilabi
2288 2733 2601 2821 coeperit.
2694 2733 2877 2798 Nam

533 2837 659 2903 sub
706 2861 1080 2907 successore
1125 2840 1523 2907 Leosthenis
1568 2841 1949 2930 Antiphilo,
2023 2842 2168 2908 sive
2228 2842 2409 2928 quod
2455 2840 2567 2906 hic
2610 2842 2875 2906 muneri

534 2967 655 3011 suo
722 2946 946 3035 impar
1013 2955 1176 3033 erat,
1248 2949 1393 3014 sive
1460 2950 1624 3036 quia
1684 2972 1790 3015 res
1836 2947 2340 3015 foederatorum
2388 2949 2635 3014 sensim
2681 2946 2877 3036 paul-

533 3052 863 3140 latimque
908 3054 1458 3140 debilitabantur,
1500 3055 1778 3123 fortuna
1816 3057 2111 3122 secunda
2156 3079 2228 3122 se
2273 3079 2314 3121 a
2360 3056 2634 3122 Graecis
2685 3076 2877 3120 aver-

533 3161 639 3226 tit.
730 3160 890 3227 Non
936 3161 1151 3228 solum
1199 3164 1381 3229 enim
1425 3163 1653 3229 Aetoli
1702 3164 1982 3229 domum
2021 3163 2269 3247 abiere,
2317 3184 2538 3249 neque
2585 3168 2879 3227 reverte-

533 3274 715 3353 runt,
787 3268 898 3333 alii
967 3270 1125 3335 socii
1200 3292 1469 3358 quoque
1539 3270 1764 3336 hieme
1832 3277 2054 3336 castra
2119 3270 2546 3357 reliquerunt
2583 3267 2654 3353 3),
2723 3291 2882 3334 cum

534 3381 770 3441 contra
858 3378 1036 3442 vires
1120 3377 1568 3444 Macedonum
1666 3384 2061 3461 crescerent,
2153 3378 2450 3466 primum
2539 3375 2883 3442 Leonnati

536 3482 854 3568 adventu,
929 3485 1046 3571 qui
1114 3490 1347 3550 tamen
1416 3507 1575 3551 mox
1643 3487 1787 3551 acie
1848 3507 2081 3552 caesus
2129 3491 2252 3569 est,
2302 3484 2548 3550 deinde
2595 3482 2881 3565 Crateri,

535 3589 654 3675 qui
700 3611 856 3656 cum
900 3613 1154 3678 magna
1197 3592 1270 3656 vi
1318 3592 1612 3657 militum
1681 3614 1823 3658 sese
1886 3591 2240 3678 conjunxit
2287 3613 2442 3656 cum
2488 3589 2877 3679 Antipatro.

586 3914 634 3978 1)
672 3915 738 3968 cf.
777 3915 922 3968 Plut.
963 3915 1064 3970 Vit.
1107 3915 1160 3966 X
1198 3914 1350 3969 Orat.
1392 3933 1443 3985 p.
1483 3914 1587 3968 846
1625 3917 1862 3965 συνειπεῖν
1906 3912 2094 3964 ’ἔπεισιν
2135 3912 2449 3975 Δημοσθένης
2497 3916 2612 3971 τοῦς
2632 3913 2882 3977 Ἀρκάδας

534 4007 730 4058 contra
784 4004 946 4058 Paus.
1010 4004 1059 4057 8.
1118 4004 1168 4058 6.
1228 4005 1261 4056 2
1319 4007 1375 4058 et
1427 4005 1477 4058 8.
1535 4006 1618 4058 27.
1678 4004 1761 4058 10.
1820 4005 2016 4075 Droys.
2075 4005 2124 4058 2.
2164 4004 2211 4058 1.
2251 4004 2321 4058 55
2358 4022 2483 4059 ann.
2523 4005 2572 4057 2.
2613 4004 2878 4059 Schaefer

536 4093 820 4147 Demosth.
859 4093 909 4146 3.
949 4093 1070 4147 369.

587 4182 635 4245 2)
676 4181 835 4236 Diod.
878 4181 959 4235 18.
1001 4183 1083 4236 13.
1122 4184 1172 4236 4,
1214 4181 1430 4232 Αἰτωλοὶ
1450 4219 1462 4232 .
1486 4220 1497 4231 .
1524 4222 1535 4233 .
1554 4182 1638 4232 διά
1676 4200 1815 4240 τινας
1848 4180 2039 4240 ἐθνικὰς
2076 4183 2248 4247 χρείας
2283 4185 2420 4233 κατὰ
2453 4185 2513 4232 τὸ
2544 4184 2693 4245 παρὸν
2723 4181 2889 4232 ἀπελ-

534 4274 637 4322 θεῖν
673 4268 753 4320 ἐπ’
788 4270 936 4321 σ’ίκου.
976 4272 1041 4324 cf.
1082 4271 1279 4342 Droys.
1319 4273 1367 4325 2.
1408 4274 1456 4327 1.
1495 4272 1581 4327 58.
1623 4274 1886 4328 Schaefer
1921 4274 2076 4327 Dem.
2116 4273 2166 4326 3.
2204 4273 2309 4326 373
2347 4289 2472 4327 ann.
2512 4274 2559 4326 1.

588 4359 637 4425 3)
675 4360 833 4415 Diod.
888 4360 970 4413 18.
1025 4360 1106 4413 15.
1173 4361 1235 4427 23
1285 4360 1368 4414 18.
1412 4362 1494 4415 17.
1536 4363 1584 4415 1.
1622 4362 1773 4416 said.
1815 4380 1863 4417 v.
1905 4361 2231 4424 Ἀντίπατρος
2271 4362 2328 4415 1:
2368 4345 2795 4424 ἀναχωρὴσάντων
2834 4359 2892 4412 δὲ

537 4455 632 4502 τῶν
680 4448 911 4500 Αἰτωλῶν
948 4445 1060 4498 εἶτα
1097 4454 1193 4499 τῶν
1233 4447 1397 4498 ἄλλων
1433 4447 1608 4506 ἕσωὲη.
