3338 5350
1737 509 1858 571 122

713 700 1022 779 Quonam
1077 701 1231 786 jure
1292 707 1519 766 autem
1574 699 1958 786 Antigonus
2019 701 2366 767 thesauros
2430 703 2519 767 ad
2564 724 2636 766 se
2677 701 2964 767 traxerit

628 830 708 871 ex
754 808 1190 893 sequentibus
1233 830 1558 895 apparere
1606 813 1849 894 potest.

713 913 846 979 Pro
916 921 1097 980 certo
1156 915 1548 980 habendum
1615 919 1719 978 est
1783 914 2205 1000 Antigonum
2249 916 2394 1000 jam
2442 915 2603 980 inde
2649 914 2734 979 ab
2783 937 2963 981 anno

623 1021 751 1085 321
821 1042 1065 1086 munus
1131 1022 1582 1109 procuratoris
1652 1021 1920 1107 imperii
1987 1022 2114 1086 sibi
2185 1022 2582 1087 vindicasse.
2704 1021 2964 1087 Verum

626 1149 787 1191 sane
834 1133 934 1192 est
980 1128 1164 1214 apud
1209 1127 1585 1192 Diodorum
1627 1126 1830 1212 hujus
1878 1127 1976 1192 rei
2021 1127 2282 1192 nullam
2322 1128 2734 1194 mentionem
2777 1127 2960 1209 fieri3

624 1234 958 1299 Diodorus
1005 1233 1077 1297 id
1122 1240 1392 1298 tantum
1432 1233 1615 1317 dicit,
1661 1233 2086 1318 Antigonum
2125 1235 2548 1301 constituisse
2583 1241 2738 1323 post
2759 1233 2959 1299 Anti·

624 1343 803 1428 patri
873 1346 1160 1406 mortem
1226 1339 1314 1416 μὴ
1384 1339 1701 1420 προσέχειν
1785 1341 1941 1417 μήτε
2024 1349 2144 1413 τοῖς
2214 1339 2538 1417 βασιλεῦσι
2609 1342 2764 1418 μήτε
2834 1346 2961 1412 τοῖς

625 1449 1039 1525 ἐπιμεληταῖς
1109 1449 1302 1510 αὐτῶν
1327 1446 1392 1525 1).
1488 1447 1623 1513 Sed
1671 1446 1931 1512 factum
1980 1456 2244 1513 constat
2301 1449 2692 1513 concionem
2736 1449 2964 1513 Mace-

624 1556 874 1621 donum
925 1555 1337 1642 Triparadisi
1385 1576 1563 1620 anno
1609 1556 1737 1619 321
1793 1577 1983 1641 reges
2023 1555 2349 1641 Antigoni
2389 1555 2735 1620 custodiae
2779 1576 2962 1620 com-

624 1664 880 1727 misisse
917 1663 990 1745 2),
1080 1683 1328 1747 eosque
1393 1683 1630 1726 revera
1702 1661 1960 1747 aliquot
2039 1684 2300 1728 menses
2372 1664 2444 1727 in
2511 1663 2743 1728 castris
2817 1661 2964 1748 ejus

624 1767 919 1835 adfuisse
940 1768 1013 1855 3),
1082 1769 1313 1854 itaque
1404 1769 1464 1833 ei
1534 1790 1801 1854 quoque
1882 1769 2173 1855 gradum
2258 1770 2656 1857 epimeletae
2720 1790 2966 1855 regum

618 1875 827 1940 fuisse
849 1875 923 1959 4),
972 1897 1385 1961 quamquam
1431 1875 1768 1940 Diodorus
1814 1874 1985 1939 nihil
2029 1876 2115 1940 de
2160 1876 2289 1941 hac
2333 1897 2406 1941 re
2456 1880 2962 1941 commemorat.

619 1984 803 2068 Ergo
848 1982 1090 2079 multo.
1110 1983 1534 2048 verisimilius
1581 1989 1683 2047 est
1725 1982 2150 2068 Antigonum
2186 1984 2354 2048 haec
2397 1986 2546 2071 ipsa
2590 1984 2776 2049 facta
2813 1984 2964 2069 jam

623 2110 801 2154 anno
839 2092 971 2154 318
1016 2090 1381 2154 testimonii
1449 2110 1650 2154 causa
1691 2090 2188 2176 interposuisse,
2248 2096 2325 2154 ut
2366 2089 2525 2175 jura
2571 2113 2692 2155 sua
2737 2091 2963 2155 vindi-

620 2203 807 2261 caret
851 2218 1057 2282 quam
1104 2218 1277 2279 eum,
1341 2218 1495 2261 cum
1542 2218 1711 2283 opus
1756 2218 1895 2262 non
1942 2204 2132 2280 esset,
2179 2199 2405 2263 virum
2450 2198 2842 2263 seditiosum
2888 2218 2964 2261 se

621 2281 925 2390 profiteri
985 2301 1321 2368 maluisse.
1371 2301 1564 2380 Quod
1613 2303 1862 2368 attinet
1909 2303 1997 2368 ad
2044 2304 2227 2391 ipsas
2274 2326 2400 2385 reS,
2445 2303 2616 2368 haec
2655 2305 2964 2389 quaestio

621 2411 943 2475 nimirum
988 2410 1159 2475 nihil
1202 2409 1430 2493 refert,
1479 2411 1597 2475 sed
1649 2411 1833 2496 quod
1880 2410 1966 2475 ad
2011 2411 2289 2476 modum
2338 2412 2604 2494 attinet,
2676 2432 2809 2497 quo
2853 2433 2965 2476 res

625 2518 850 2582 animo
896 2516 1379 2604 concipiendae
1425 2517 1580 2598 sint,
1648 2517 1942 2582 multum
2010 2519 2309 2601 interest,
2373 2525 2599 2582 utrum
2644 2524 2965 2605 putemus

621 2623 965 2709 Antigono
1013 2623 1383 2689 secundum
1428 2645 1621 2688 suam
1643 2625 2030 2712 opinionem
2042 2623 2155 2710 jus
2179 2626 2669 2712 procurationis
2693 2625 2967 2714 imperii

621 2730 848 2812 fuisse,
896 2736 964 2795 et
1002 2728 1116 2815 jus
1164 2731 1413 2816 agendi
1458 2731 1733 2796 nomine
1775 2753 2035 2817 regum,
2086 2754 2173 2795 an
2218 2753 2378 2797 non.

711 2836 785 2902 Si
829 2837 1126 2924 primum
1172 2859 1411 2902 verum
1455 2844 1577 2922 est,
1623 2859 1764 2903 non
1808 2838 1987 2922 licet,
2034 2846 2113 2904 ut
2133 2838 2344 2923 vulgo
2366 2838 2464 2922 fit,
2516 2837 2968 2925 contemplari

618 2967 725 3009 res
772 2944 967 3008 annis
1013 2944 1143 3008 319
1190 2950 1260 3009 et
1305 2945 1438 3009 318
1506 2945 1591 3009 ab
1637 2944 1987 3031 Antigono
2054 2951 2280 3030 gestas
2349 2967 2570 3032 neque
2628 2967 2743 3010 eas
2791 2968 2963 3032 quas

619 3057 855 3138 postea
924 3051 1117 3114 annis
1187 3052 1317 3115 316
1359 3058 1430 3115 et
1474 3051 1603 3115 315
1650 3051 2078 3133 commiserit,
2132 3058 2286 3138 post
2328 3053 2566 3118 Asiam
2613 3075 2961 3140 expugna—

620 3164 781 3240 tam,
852 3163 1205 3242 tamquam
1272 3178 1459 3222 mera
1540 3156 1727 3222 facta
1813 3159 2248 3246 usurpatoris,
2365 3159 2545 3224 Nam
2613 3182 2690 3225 eo
2757 3161 2961 3227 modo

618 3264 936 3327 nimirum
984 3262 1069 3327 ab
1116 3264 1197 3327 iis
1243 3263 1820 3347 considerabatur,
1870 3266 1987 3350 qui
2026 3264 2139 3350 jus
2167 3266 2223 3351 ej
2232 3288 2309 3330 us
2334 3288 2472 3331 non
2497 3275 2959 3352 agnoscerent.

617 3370 665 3436 ‚J
666 3392 745 3434 us
812 3369 1139 3456 Antigoni
1212 3378 1439 3436 autem
1511 3392 1630 3436 suo
1698 3372 1907 3456 ipsius
1961 3371 2219 3455 judicio
2264 3372 2570 3460 profecto
2616 3374 2967 3439 nitebatur

620 3476 889 3541 decreto
936 3476 1388 3542 Macedonum
1447 3476 1866 3564 Triparadisi
1914 3476 2193 3543 factum.
2289 3476 2483 3555 Quod
2529 3479 2761 3566 paullo
2806 3488 2967 3567 post

621 3604 798 3648 anno
868 3582 999 3647 318
1083 3582 1169 3647 ab
1252 3583 1594 3669 Eurydice
1677 3586 1914 3668 regina
1980 3606 2104 3672 per
2186 3606 2436 3671 paucos
2506 3585 2649 3650 dies
2718 3587 2965 3671 quibus

619 3710 882 3753 summa
952 3688 1352 3753 auctoritate
1419 3690 1490 3753 in
1558 3689 1960 3756 Macedonia
2024 3689 2262 3755 functa
2324 3697 2425 3756 est
2473 3694 2677 3757 etiam
2721 3693 2967 3758 confir-

621 3801 882 3859 matum
929 3801 1048 3877 est,
1097 3796 1580 3861 committendo
1627 3799 1690 3862 ei
1736 3819 1874 3861 una
1919 3817 2074 3862 cum
2107 3795 2486 3863 Cassandro
2531 3800 2726 3885 regni
2748 3800 2966 3865 admi-

618 3901 1091 3966 nistrationem
1113 3903 1181 3981 ⁵).

670 4104 716 4172 1)
754 4105 913 4159 Diod.
953 4105 1036 4158 18.
1076 4105 1163 4158 50.
1199 4107 1247 4159 2.

672 4194 721 4260 2)
757 4195 877 4247 Arr.
919 4197 945 4260 ἓ
983 4195 1068 4248 38.
1108 4198 1379 4259 Ἀντιγόνῳ
1416 4196 1532 4251 τοὺς
1570 4195 1817 4255 βασιλέας
1852 4197 2064 4259 Φρουρεῖν
2101 4214 2158 4246 τε
2197 4195 2282 4245 καὶ
2316 4195 2596 4259 θεραπεύειν
2628 4195 2931 4260 προσ-τάξας.

669 4281 716 4351 3)
752 4283 871 4336 Arr.
911 4283 942 4352 ξ
982 4284 1066 4337 42.
1106 4285 1171 4337 cf.
1212 4302 1264 4354 p.
1307 4285 1427 4338 117.

670 4367 720 4436 4)
757 4373 904 4426 Plut.
941 4373 1101 4426 Eum.
1139 4371 1189 4425 8.
1227 4389 1352 4443 pag.
1394 4372 1498 4425 115
1540 4389 1664 4426 ann.
1704 4373 1754 4428 2.

669 4462 719 4531 5)
758 4462 940 4519 Justin
980 4461 1061 4516 14.
1101 4460 1150 4516 5.
1190 4462 1243 4518 3·
