3338 5350
1689 519 1816 583 156

578 711 747 777 facit
807 714 891 779 ab
946 714 1313 802 Antipatro
1374 738 1526 782 cum
1574 738 1795 801 neque
1842 716 2058 801 magis
2085 717 2171 781 de
2216 716 2429 782 altero
2474 717 2686 783 fratre
2732 739 2919 782 men-

578 819 675 883 tio
720 818 844 884 fiat
870 819 942 902 1).

668 925 854 1004 Quae
922 949 1074 992 cum
1145 928 1244 993 ita
1310 930 1466 1013 sint,
1534 936 1803 996 constat
1867 929 2309 1017 Antipatrum
2375 931 2568 995 initio
2614 932 2807 1016 regni
2853 936 2923 995 et

578 1034 1054 1100 verosimiliter
1121 1040 1430 1122 sequenti
1498 1059 1769 1123 quoque
1840 1059 2015 1102 anno
2086 1036 2303 1103 solum
2391 1058 2621 1122 regem
2688 1036 2920 1119 fuisse,

577 1161 799 1224 neque
867 1142 1096 1207 statim
1163 1149 1319 1230 post
1382 1143 1685 1231 Philippi
1746 1151 2033 1209 mortem
2092 1166 2378 1229 regnum
2422 1144 2716 1209 divisum
2756 1166 2919 1227 esse,

577 1246 625 1313 J
626 1247 832 1312 ustini
877 1248 1101 1314 locum
1147 1251 1355 1336 igitur
1398 1272 1522 1338 pro
1569 1250 1784 1316 nihilo
1831 1250 2220 1317 habendum
2268 1272 2427 1315 esse.

669 1353 993 1443 Superest
1040 1358 1321 1423 Eusebii
1364 1359 1570 1441 locus,
1621 1358 1994 1423 secundum
2042 1380 2240 1443 quem
2271 1356 2477 1444 'regia
2521 1363 2738 1423 mater
2782 1381 2923 1423 una

578 1483 732 1527 cum
777 1462 1169 1530 Alexandro
1214 1487 1503 1551 regnum
1545 1471 1909 1554 paternum
1953 1465 2112 1530 huic
2133 1464 2550 1548 vindicabat,
2590 1471 2658 1530 et
2681 1466 2920 1531 viden-

579 1569 743 1634 dum
790 1576 892 1635 est
937 1572 1264 1658 quidnam
1308 1573 1392 1638 de
1438 1574 1568 1638 hae
1613 1595 1687 1638 re
1727 1572 1953 1638 fuerit.
2005 1571 2141 1639 Sed
2166 1574 2460 1661 primum
2485 1573 2925 1638 statuendum

579 1676 705 1741 erit
770 1677 855 1741 de
920 1683 1226 1765 tempore
1295 1700 1428 1765 quo
1475 1679 1602 1745 hae
1650 1680 2095 1745 dissensiones
2139 1687 2327 1745 ortae
2373 1681 2508 1745 sint
2554 1686 2620 1745 et
2669 1682 2721 1745 si
2775 1681 2924 1746 fieri

574 1788 819 1870 potest,
861 1785 948 1850 de
991 1792 1208 1851 morte
1254 1788 1503 1852 matris.
1555 1785 1898 1874 Suspicari
1945 1789 2160 1853 ausim
2185 1787 2631 1853 dissensiones
2656 1795 2924 1853 exortas

575 1912 715 1956 non
758 1913 902 1957 esse
949 1899 1108 1960 ante
1153 1915 1409 1959 annum
1452 1895 1603 1978 295,
1652 1900 1721 1959 et
1768 1895 2005 1960 eodem
2053 1915 2232 1960 anno
2271 1894 2417 1979 jam
2462 1896 2692 1960 statim
2722 1895 2926 1960 Thes-

578 1997 920 2063 salonicen
986 2000 1274 2066 occisam
1346 2023 1506 2066 esse.
1581 2001 1973 2067 Alexander
2039 2002 2222 2066 enim
2269 2000 2596 2067 auxilium
2637 2003 2836 2089 petiit
2885 2026 2926 2067 a

577 2106 841 2192 Pyrrho
910 2112 979 2171 et
1045 2106 1411 2190 DemetriO,
1484 2110 1663 2193 quod
1731 2114 1892 2173 ante
1958 2109 2141 2173 hunc
2187 2130 2441 2175 annum
2487 2108 2674 2174 nullo
2720 2110 2926 2174 modo

577 2209 726 2274 fieri
758 2212 1002 2298 potuit.
1051 2213 1231 2278 Nam
1276 2214 1578 2301 Pyrrhus
1623 2237 1804 2281 anno
1849 2215 1980 2281 296
2027 2236 2111 2280 ex
2153 2213 2476 2303 Aegypto
2520 2216 2593 2280 in
2636 2216 2926 2304 Epirum

578 2317 782 2382 rediit
807 2319 878 2402 2),
929 2322 1236 2406 sequenti
1284 2342 1462 2386 anno
1503 2320 1861 2387 interfecto
1886 2322 2332 2410 Neoptolemo
2356 2322 2535 2388 solus
2559 2344 2679 2387 rex
2701 2321 2926 2387 factus

579 2429 700 2508 est,
749 2431 819 2490 et
862 2431 1004 2490 tum
1051 2426 1441 2494 Alexandro
1486 2429 1736 2494 auxilio
1761 2430 1966 2494 venit.
2008 2428 2301 2494 Perinde
2347 2429 2731 2493 Demetrius
2769 2450 2928 2493 cum

579 2534 875 2597 exercitu
918 2534 1005 2598 ad
1054 2533 1373 2622 Spartam
1420 2543 1607 2602 stans
1655 2548 1722 2600 a⁰
1750 2537 1881 2602 295
1922 2536 2169 2602 auxilio
2194 2542 2474 2602 vocatus
2500 2542 2618 2600 est.
2663 2535 2926 2602 Eodem

579 2637 726 2706 loco
794 2645 1022 2707 autem
1091 2642 1206 2708 ubi
1268 2642 1674 2711 Plutarchus
1751 2645 1879 2710 hoc
1950 2649 2183 2710 narrat
2232 2643 2306 2728 ³),
2396 2642 2671 2708 Eusebii
2741 2643 2929 2710 locus

579 2747 1033 2814 confirmatur.
1082 2750 1384 2836 Pyrrhus
1408 2753 1589 2817 enim
1634 2774 1787 2817 cum
1828 2753 2126 2817 exercitu
2162 2752 2389 2834 adest3
2437 2750 2928 2838 Tymphaeam,

581 2854 1025 2944 Paravaeam,
1090 2880 1127 2922 e
1195 2858 1581 2944 regionibus
1653 2858 2098 2924 Macedoniae
2146 2857 2429 2943 adjectis
2475 2856 2930 2942 Ambraciam,

580 2959 1058 3048 Acarnaniam,
1108 2964 1656 3052 Amphilochiam
1699 2971 2052 3051 tamquam
2078 2965 2458 3052 praemium
2484 2964 2719 3029 auxilii
2747 2966 2932 3050 quod

580 3069 841 3135 laturus
906 3077 1097 3154 esset,
1146 3072 1469 3159 postulat,
1510 3094 1758 3159 easque
1803 3073 2110 3157 regiones
2152 3072 2297 3156 jam
2343 3074 2574 3136 statim
2620 3080 2930 3158 occupat.

582 3176 758 3242 Tum
804 3177 1211 3243 Plutarchus
1261 3180 1521 3266 pergit:
1572 3178 1655 3243 τὰ
1707 3178 1771 3242 δὲ
1797 3177 1985 3242 λοιπὰ
2012 3177 2316 3256 κτώμενος
2343 3177 2541 3257 ἐκείνῳ
2570 3177 2934 3258 περιέκοπτε

580 3284 680 3347 τὸν
748 3285 1154 3364 Ἀντίπατρον
1219 3287 1398 3371 quod
1461 3285 1833 3372 significat:
1910 3308 2030 3372 „ea
2096 3308 2272 3372 quae
2315 3286 2601 3373 posthac
2646 3308 2934 3373 occupa-

588 3391 749 3478 „vit,
796 3389 1059 3479 Antipa
1082 3394 1170 3457 tri
1213 3415 1424 3479 regno
1472 3393 1788 3475 detraxit,
1813 3399 1892 3458 ut
1914 3392 2307 3458 Alexandro
2332 3392 2592 3457 daret.'‘
2619 3391 2944 3457 Omnium

581 3498 879 3585 primum
925 3498 1135 3584 igitur
1182 3521 1264 3564 ex
1309 3500 1439 3565 hoc
1483 3499 1631 3566 loco
1675 3505 1962 3586 apparet
2004 3499 2357 3587 Antipatri
2380 3521 2687 3585 regnum,
2715 3501 2768 3564 si
2792 3522 2934 3565 non

584 3606 671 3670 ad
717 3606 898 3692 ipsas
941 3607 1322 3692 provincias
1372 3607 1673 3692 adjectas
1720 3606 1794 3671 in
1832 3605 2200 3671 Occidente
2243 3607 2665 3693 pertinuerit,
2694 3607 2942 3672 saltem

581 3711 665 3776 iis
732 3713 1225 3777 conterminum
1296 3711 1522 3777 fuisse.
1595 3713 1968 3798 Fingamus
2038 3718 2267 3778 autem
2331 3712 2485 3778 illas
2552 3714 2941 3801 provincias

580 3818 957 3884 Alexandri
1001 3816 1232 3902 fuisse,
1284 3820 1626 3905 quomodo
1675 3819 1954 3884 tandem
2003 3820 2327 3906 suspicari
2366 3818 2544 3903 licet,
2596 3842 2744 3884 eum
2793 3826 2943 3885 tam

583 3924 865 3990 stultum
912 3924 1119 3990 fuisse
1164 3932 1241 3990 ut
1287 3932 1507 3991 totum
1551 3927 1968 3992 territorium
2000 3947 2197 3990 suum
2218 3925 2484 4012 Pyrrho
2508 3927 2935 4012 concederet,

636 4203 683 4269 1)
721 4204 866 4258 Plut.
905 4203 1056 4258 Orat.
1094 4221 1146 4273 p.
1185 4204 1287 4258 851
1310 4203 1360 4252 α’
1386 4204 1483 4271 §6.
1522 4202 1844 4267 πεμφθέντων
1876 4208 2191 4265 στρατιωτῶν
2220 4205 2303 4255 ἐπ’
2325 4201 2476 4252 αιίτόν
2496 4200 2589 4252 ὖπὸ
2609 4201 2947 4264 Ἀντιπάτρου

586 4297 642 4349 et
679 4292 727 4342 B'
749 4293 800 4345 4.
837 4291 923 4341 καὶ
959 4294 1071 4354 πρὸς
1108 4293 1434 4355 Ἀντίπατρον
1469 4292 1828 4356 πρεσβεύσαντι
1866 4293 1953 4342 καῖ
1988 4294 2198 4355 λαβόντι
2236 4290 2387 4342 ε’ίκοσι
2426 4291 2659 4342 τάλαντα
2698 4291 2949 4353 ἀργυρίου.

638 4382 688 4447 2)
724 4382 918 4452 Droys.
957 4383 1009 4435 2.
1046 4383 1095 4436 2.
1137 4383 1243 4435 256
1280 4399 1408 4437 ann.

637 4471 685 4540 3)
722 4472 868 4526 Plut.
905 4471 1100 4542 Pyrrh.
1137 4471 1188 4524 6.
