3338 5350
1455 567 1578 632 141

355 764 577 845 drum,
649 763 766 850 qui
835 762 1056 829 adhuc
1124 785 1388 852 semper
1425 764 1631 829 rebus
1677 765 1751 829 in
1799 765 2075 853 Europa
2121 772 2486 853 occupatus
2531 773 2697 851 erat,

352 894 579 958 neque
636 893 963 958 umquam
1033 869 1293 956 maj0ra
1353 872 1734 960 capessivit,
1805 894 2009 958 quam
2078 895 2254 959 quae
2315 874 2492 939 vires
2556 873 2698 958 ejus

358 980 690 1044 sustinere
755 986 1033 1066 possent
1062 976 1135 1063 ¹),
1203 985 1484 1066 repente
1548 979 1972 1066 provinciam
2041 981 2558 1046 remotissimam
2625 987 2700 1045 ut

354 1108 598 1151 revera
667 1084 1101 1174 Cappadocia
1171 1085 1321 1169 fuit,
1408 1086 1534 1151 sibi
1600 1086 2000 1171 vindicasse,
2084 1089 2485 1174 praesertim
2547 1110 2703 1152 cum

357 1193 672 1258 Asander
731 1192 879 1276 jam
950 1215 1126 1259 anno
1193 1195 1324 1259 323
1391 1192 1767 1280 Babylone,
1840 1205 1926 1258 a0.
1974 1195 2095 1258 321
2174 1194 2589 1282 Triparadisi
2634 1200 2701 1259 et

361 1322 541 1366 anno
580 1301 711 1366 318
758 1301 844 1366 ab
891 1303 1039 1389 ipso
1085 1300 1430 1386 Antigono
1479 1300 1717 1366 Cariae
1761 1298 2147 1388 praefectus
2169 1304 2242 1385 ²),
2311 1322 2390 1367 eo
2434 1301 2703 1366 facilius

358 1409 783 1495 provinciam
852 1430 1044 1473 suam
1108 1407 1181 1471 in
1249 1408 1415 1472 Asia
1485 1407 1898 1495 amplificare
1942 1414 2187 1495 posset,
2237 1410 2419 1494 quod
2463 1430 2704 1474 revera

361 1515 568 1579 etiam
614 1513 782 1579 fecit
801 1516 872 1601 3).
968 1513 1156 1592 Quae
1219 1535 1327 1579 res
1375 1521 1603 1579 autem
1647 1536 1869 1601 neque
1914 1516 2130 1600 magis
2178 1537 2219 1579 a
2262 1525 2337 1579 v⁰
2382 1501 2455 1580 d⁰
2499 1515 2705 1581 Niese

360 1622 857 1709 comprobatur,
929 1623 1045 1708 qui
1109 1620 1254 1705 jam
1321 1643 1523 1706 nunc,
1611 1644 1766 1686 cum
1832 1643 1937 1686 res
2007 1621 2332 1686 Graeciae
2397 1622 2703 1686 nondum

361 1729 637 1793 sedatae
682 1733 924 1808 essent,
974 1726 1429 1793 Cassandrum
1473 1728 1952 1814 gravissimum
1990 1727 2246 1793 bellum
2278 1749 2513 1814 gerere
2535 1728 2704 1793 facit

361 1837 435 1900 in
479 1835 647 1901 Asia
692 1836 1008 1901 interiore
1029 1834 1118 1914 4):
1173 1834 1341 1920 „Die
1383 1832 1821 1921 Belagerung
1863 1856 2002 1901 von
2047 1837 2313 1901 Amisos
2351 1836 2440 1900 ist
2484 1834 2702 1901 wahr-

371 1942 770 2025 „scheinlich
841 1944 952 2008 ein
1019 1942 1187 2007 Rest
1258 1943 1376 2007 des
1444 1942 1733 2029 Krieges
1801 1963 2023 2028 gegen
2092 1944 2464 2025 Eumenes3
2526 1943 2703 2008 nach

372 2053 639 2132 „seinen
728 2050 1302 2116 Makedonischen
1391 2049 1723 2136 Erfolgen
1805 2049 1996 2115 hatte
2078 2051 2472 2117 Kassander
2529 2049 2706 2135 jetzt

372 2156 732 2246 „Truppen
824 2157 1098 2223 dorthin
1186 2156 1598 2242 geschickt.’'
1715 2156 1850 2222 Sed
1954 2156 2283 2243 reliquiae
2374 2158 2704 2224 exercitus

363 2264 687 2330 Eumenis
734 2272 804 2331 et
846 2264 1196 2332 Peithonis
1237 2263 1383 2349 jam
1432 2286 1592 2328 vere
1639 2264 1801 2329 anni
1842 2263 1972 2328 316
1998 2266 2372 2331 exstinctae
2418 2271 2611 2331 erant
2632 2263 2703 2345 ⁵).

364 2373 725 2437 Praeterea
771 2393 855 2436 ex
897 2372 1045 2459 ipso
1091 2372 1390 2437 Diodoro
1439 2373 1542 2436 19.
1592 2372 1676 2434 57
1724 2377 1917 2458 patet
1958 2370 2155 2436 illum
2197 2394 2425 2438 rerum
2470 2375 2705 2460 script-

366 2501 549 2544 orem
622 2479 708 2543 ad
775 2478 1166 2543 Asandrum
1220 2483 1576 2564 spectasse,
1665 2477 1850 2562 quod
1914 2477 2160 2542 attinet
2223 2479 2307 2543 ad
2370 2501 2474 2544 res
2531 2477 2706 2567 Cap-

364 2587 711 2674 padociae.
797 2585 983 2650 Dicit
1067 2585 1284 2650 enim:
1365 2590 1752 2662 Πτολεμαῖον
1814 2582 1879 2646 δὲ
1944 2584 2042 2647 τὸν
2104 2584 2474 2666 ἀδελφιδοῦν
2536 2586 2704 2664 μετὰ

368 2693 678 2772 δυνάμεως
749 2694 831 2766 εἷς
903 2690 1360 2756 Καππαδοκίαν
1429 2690 1815 2765 ἀπέστειλεν,
1878 2689 1976 2757 ἵνα
2049 2692 2201 2774 λύσῃ
2259 2694 2370 2771 μὲν
2433 2695 2704 2771 ’Άμισοῦ

367 2802 471 2875 τὴν
520 2801 866 2881 πολιορκίαν
912 2799 1018 2864 καὶ
1067 2799 1210 2871 τοὺς
1257 2799 1362 2862 ὑπ’
1403 2797 1780 2883 (Ἀσοὶνδρου)
1810 2798 2257 2884 (Κασσάνδρου)
2284 2799 2705 2880 πεμφθέντας

366 2909 451 2982 εἷς
482 2908 938 2973 Καππαδοκίαν
964 2907 1207 2987 ἐκβάλῃ
1234 2904 1483 2978 πάντας
1510 2906 1656 2985 πρὸς
1683 2906 1748 2969 δὲ
1771 2905 2005 2980 τούτοις
2030 2905 2189 2980 ὅπως
2215 2907 2705 2987 παραγενόμενος

367 3017 453 3090 εἷς
525 3016 976 3089 Ἑλλήσποντον
1048 3013 1336 3094 ἐφεδρεύῃ
1422 3019 1544 3087 τοῖς
1613 3013 1749 3093 περὶ
1840 3013 2224 3095 Κάσσανδρον
2289 3013 2362 3078 ἂν
2428 3015 2706 3097 ἐπιχείρῃ

368 3124 708 3202 διαβαίνειν
754 3125 823 3187 ἐκ
872 3130 980 3196 τῆς
1027 3121 1337 3201 Εὐρώπης.

459 3230 844 3297 Secundum
914 3239 1029 3295 vm.
1101 3230 1217 3294 dm.
1288 3227 1491 3293 Niese
1553 3228 1930 3294 Cassander
1976 3229 2239 3296 duobus
2305 3231 2708 3296 exercitibus

366 3336 603 3403 Asiam
670 3358 1058 3424 agressurus
1132 3342 1297 3419 erat,
1366 3357 1521 3400 cum
1586 3335 1788 3401 tertio
1852 3342 2078 3401 autem
2122 3337 2197 3401 in
2241 3336 2708 3425 Peloponneso

367 3467 512 3510 rem
556 3444 857 3532 gerebat.

458 3553 612 3617 Meo
672 3551 931 3636 judicio
1001 3573 1065 3615 v.
1131 3551 1196 3615 d.
1265 3550 1470 3616 Niese
1529 3551 1805 3637 putavit
1864 3549 2224 3617 Cassandri
2270 3551 2449 3617 vires
2509 3551 2708 3617 nimis

371 3658 631 3724 validas
677 3657 907 3741 fuisse,
953 3656 1144 3723 nullo
1193 3656 1395 3722 modo
1442 3657 1623 3721 enim
1668 3663 1772 3721 tot
1818 3678 1924 3722 res
1985 3659 2224 3724 eodem
2280 3666 2582 3746 tempore
2626 3680 2707 3725 9ο

373 3787 550 3831 anno
620 3767 955 3853 suscipere
1014 3765 1256 3852 potuit.
1348 3764 1546 3829 Hanc
1615 3763 1702 3830 ob
1768 3786 1914 3829 rem
1980 3765 2205 3853 potius
2277 3787 2432 3830 cum
2493 3777 2567 3832 v⁰
2636 3767 2710 3830 d⁰

371 3872 682 3959 Droysen
748 3871 1140 3936 Asandrum
1183 3872 1489 3957 legamus
1533 3871 1616 3936 iis
1661 3871 1825 3937 locis
1869 3871 1988 3936 ubi
2032 3873 2159 3938 hoc
2200 3893 2449 3937 nomen
2499 3872 2583 3937 ab
2630 3894 2708 3938 eo

372 3981 758 4046 restitutum
797 3987 916 4046 est.

423 4187 473 4252 1)
511 4206 561 4243 v.
604 4188 980 4244 Wilamowitz.
1019 4188 1144 4242 Ant.
1182 4204 1233 4241 v.
1272 4187 1403 4241 Kar.
1444 4203 1497 4255 p.
1537 4185 1655 4239 185.

424 4277 469 4345 2)
507 4280 696 4344 Droys.
733 4279 782 4332 2.
824 4277 874 4332 1.
915 4277 1035 4332 257.

426 4366 475 4433 3)
513 4367 765 4437 Droysen
802 4368 873 4422 l.l.

424 4456 473 4522 4)
511 4457 668 4512 Diod.
709 4458 793 4512 19.
834 4457 920 4511 60.
960 4458 1008 4511 2.

426 4546 475 4613 5)
513 4547 671 4602 Diod.
714 4546 797 4599 19.
837 4548 921 4600 47.
961 4547 1011 4600 4.
1052 4546 1213 4600 Niese
1252 4544 1302 4599 1.
1341 4545 1459 4599 271.
