3338 5350
1559 566 1646 630 53

428 767 548 853 qui
594 765 1148 832 consuetudinem
1193 764 1661 851 quotidianam
1686 785 1839 828 cum
1880 785 2041 849 rege
2063 763 2429 828 habebant.
2478 763 2775 829 Nomina

428 873 803 941 clarissima
872 873 1229 938 custodum
1273 870 1668 953 Alexandri,
1743 872 2209 936 demonstrant
2257 893 2460 957 quam
2507 870 2774 937 honori-

428 981 634 1046 ficum
683 980 811 1045 hoc
859 1001 1104 1045 munus
1150 978 1358 1044 fuerit
1384 978 1454 1062 ¹).

522 1085 715 1165 Quod
787 1087 875 1151 ad
942 1086 1167 1173 ipsum
1231 1107 1520 1171 regnum
1588 1085 1852 1167 attinet,
1920 1085 2113 1171 regia
2172 1072 2478 1172 potestas
2527 1106 2776 1170 magna

428 1194 707 1280 quidem
753 1191 905 1276 fuit,
976 1214 1100 1257 nec
1165 1199 1398 1257 tamen
1468 1192 1709 1257 eodem
1777 1192 1978 1258 modo
2050 1191 2427 1274 indefinita,
2502 1214 2635 1278 quo
2702 1194 2775 1256 in

430 1300 823 1366 monarchia
870 1298 1198 1383 absoluta,
1248 1299 1365 1364 sed
1411 1298 1678 1385 legibus
1715 1299 2241 1386 circumscripta.
2309 1298 2627 1364 Summus
2675 1308 2775 1364 est

429 1429 550 1472 rex
594 1407 773 1471 inter
816 1407 999 1473 cives
1045 1427 1257 1490 aeque
1299 1404 1565 1470 liberos.
1615 1404 1862 1470 Nullus
1888 1405 2108 1470 cultus
2155 1405 2417 1471 servilis
2466 1429 2506 1470 a
2551 1406 2771 1471 Mace-

431 1514 721 1580 donibus
765 1512 1093 1578 toleratur
1118 1512 1193 1597 2),
1242 1511 1385 1577 sola
1429 1511 1855 1578 caeremonia
1900 1511 2035 1578 fuit
2069 1514 2243 1599 quod
2294 1512 2468 1578 liber
2493 1513 2774 1579 Macedo

428 1621 655 1710 capite
701 1621 958 1686 nudato
996 1642 1227 1706 regem
1252 1617 1726 1704 alloquebatur
1754 1618 1829 1704 ³).
1859 1617 1993 1684 Sed
2019 1619 2095 1703 is,
2125 1620 2241 1705 qui
2265 1640 2520 1685 novum
2542 1641 2775 1705 regem

427 1729 726 1817 primum
771 1727 1164 1792 salutaverit
1210 1747 1461 1813 magno
1507 1727 1763 1791 honore
1808 1725 2084 1791 habitus
2124 1733 2244 1810 est,
2285 1735 2360 1791 ut
2384 1726 2775 1793 Alexander

424 1835 804 1922 LyncestiS,
852 1833 960 1899 cui
996 1856 1117 1899 rex
1152 1832 1564 1916 Alexander,
1591 1833 1863 1898 tametsi
1887 1833 2115 1899 caedis
2140 1833 2445 1922 Philippi
2467 1834 2771 1900 conscius

427 1943 581 2026 fuit,
631 1942 957 2030 pepercit,
1005 1963 1283 2008 servans
1330 1941 1403 2005 in
1451 1962 1530 2006 eo
1587 1941 1965 2028 auspicium
2014 1941 2369 2028 dignitatis
2419 1963 2580 2009 suae
2606 1940 2681 2025 4).

519 2047 654 2114 Sed
716 2050 1024 2135 quamvis
1071 2046 1516 2113 Callisthenes
1567 2048 1750 2135 apud
1797 2048 2168 2113 Arrianum
2213 2048 2274 2112 4.
2307 2049 2409 2112 11.
2436 2050 2479 2113 6
2530 2048 2774 2114 dixerit

423 2158 489 2221 οὐ
537 2155 674 2238 βία,
723 2153 897 2220 ἀλλὰ
924 2154 1077 2234 νόμῳ
1105 2154 1468 2218 Μακεδόνων
1499 2152 1803 2234 ἄρχοντες
1828 2153 2202 2228 διετέλεσαν,
2229 2161 2460 2220 tamen
2477 2154 2667 2221 nulla
2692 2178 2774 2220 ex

425 2262 689 2349 legibus
737 2261 889 2345 illis,
938 2283 1190 2348 magna
1235 2283 1359 2349 pro
1401 2268 1597 2349 parte
1637 2284 1678 2326 a
1702 2260 2021 2349 Philippo
2047 2262 2243 2341 datis,
2275 2268 2571 2327 aetatem
2593 2261 2772 2329 tulit.

515 2369 769 2434 Milites
814 2370 888 2433 in
932 2370 1231 2434 exercitu
1292 2368 1700 2455 regionatim
1760 2368 1961 2433 divisi
2011 2375 2222 2451 erant,
2276 2389 2451 2454 quae
2496 2391 2603 2434 res
2648 2390 2771 2437 nos

426 2499 507 2544 eo
555 2477 836 2542 adducit
879 2482 957 2540 ut
1024 2475 1463 2561 conjiciamus
1525 2474 1821 2560 reliquas
1870 2475 2488 2541 administrationes
2536 2476 2774 2541 eodem

425 2585 630 2652 modo
689 2584 1034 2648 institutas
1104 2605 1264 2648 esse.
1340 2580 1663 2648 Cohortes
1711 2580 1970 2665 (τάξεις)
2035 2588 2548 2670 pezetaerorum
2594 2584 2772 2669 prin·

426 2695 600 2782 cipio
648 2691 925 2776 quidem
994 2691 1199 2756 etiam
1244 2692 1315 2754 in
1363 2689 1739 2756 Alexandri
1809 2692 2108 2756 exercitu
2175 2692 2580 2778 regionatim
2636 2690 2773 2756 for·

425 2806 651 2865 matae
698 2805 924 2863 erant:
1000 2798 1367 2864 adfuerunt
1414 2798 1720 2864 cohortes
1769 2820 1852 2863 ex
1893 2798 2301 2880 Elimiotide,
2344 2822 2427 2864 ex
2467 2799 2774 2865 Orestide

426 2930 465 2971 e
509 2906 922 2993 Lyncestide
969 2913 1122 2988 etc.;
1187 2928 1327 2971 non
1374 2904 1506 2971 alio
1559 2906 1762 2972 modo
1807 2913 1960 2972 octo
2005 2905 2137 2971 ilae
2184 2906 2492 2992 equitum
2539 2927 2773 2972 secun·

424 3015 591 3079 dum
636 3014 943 3097 regiones
986 3013 1426 3078 Macedoniae
1474 3012 2007 3078 nominabantur
2032 3012 2104 3100 5).

513 3121 671 3185 Non
718 3141 885 3207 opus
933 3126 1035 3185 est
1080 3141 1454 3185 memorare
1499 3119 1612 3206 jus
1661 3120 1794 3184 dici
1841 3121 1912 3184 in
1950 3119 2151 3185 rebus
2190 3122 2476 3208 privatis
2500 3122 2772 3186 nomine

418 3230 619 3315 regiS,
662 3228 923 3313 judices
972 3233 1200 3292 autem
1245 3228 1548 3314 privatos
1586 3228 1747 3292 huic
1784 3228 1883 3292 rei
1931 3249 1971 3291 a
2014 3248 2175 3312 rege
2220 3228 2566 3293 institutos
2590 3248 2772 3292 esse:

418 3357 671 3402 nomen
715 3333 953 3407 σκοῑδος
1023 3335 1207 3421 apud
1269 3333 1691 3420 Hesychium
1755 3340 2355 3399 commemoratum
2438 3334 2774 3420 significat

420 3441 625 3523 ἀρχὴν
672 3439 844 3520 παρὰ
895 3438 1212 3505 Μακεδόσι
1257 3439 1640 3518 τεταγμένην
1690 3441 1794 3504 ἐπὶ
1840 3445 1955 3504 τῶν
2003 3440 2385 3519 δικαστηρίων
2414 3440 2502 3524 6);
2551 3462 2772 3526 neque

419 3549 638 3634 magis
677 3548 959 3613 dubium
1007 3553 1107 3612 est
1153 3549 1318 3634 quin
1360 3546 1472 3633 jus
1536 3548 1891 3630 diceretur,
1940 3568 2097 3612 cum
2156 3548 2229 3612 in
2275 3547 2574 3630 urbibus,
2623 3553 2771 3611 tum

419 3657 561 3722 ruri
609 3661 678 3720 et
723 3656 795 3719 in
838 3655 1025 3738 viciS,
1099 3656 1264 3741 quin
1324 3676 1486 3741 ager
1550 3655 2026 3721 Macedonicus
2094 3653 2271 3719 hanc
2338 3654 2425 3721 ob
2486 3676 2632 3718 rem
2701 3654 2773 3717 in

420 3763 731 3847 regiones
779 3762 1034 3828 divisus
1082 3768 1277 3827 esset.

510 3868 837 3934 Attamen
883 3870 1012 3956 ipsi
1056 3870 1202 3955 regi
1248 3890 1491 3937 munus
1539 3869 1817 3935 maximi
1864 3869 2188 3933 momenti
2212 3869 2284 3932 in
2299 3866 2771 3953 jurisdictione

472 4090 524 4157 1)
562 4093 771 4146 Arrian.
809 4094 843 4147 6
898 4092 983 4148 28.
1021 4094 1083 4158 4;
1123 4094 1243 4147 Arr.
1284 4109 1401 4146 exc.
1442 4093 1473 4161 ἐ
1511 4092 1597 4146 38.

472 4181 519 4249 2)
556 4182 767 4236 Arrian.
805 4183 853 4234 4.
895 4182 1119 4236 10-12.
1161 4182 1359 4238 Justin.
1401 4182 1483 4236 12.
1525 4182 1572 4234 7.
1613 4183 1660 4235 1.

473 4269 518 4340 3)
559 4270 695 4325 Curt
750 4271 798 4324 9.
839 4271 887 4325 2.
930 4272 980 4325 4.

470 4358 518 4416 4)
555 4359 752 4415 Justin.
785 4360 867 4413 11.
907 4362 940 4414 2
997 4361 1044 4415 2.
1087 4362 1297 4415 Arrian.
1336 4361 1384 4415 1.
1425 4360 1509 4415 25.
1549 4361 1597 4414 2.
1639 4361 1791 4416 Curt.
1834 4361 1880 4411 7.
1927 4361 1975 4413 1.
2013 4361 2062 4414 6.

471 4448 519 4516 5)
555 4449 766 4504 Arrian.
805 4450 854 4503 3.
897 4451 979 4504 16.
1021 4451 1101 4504 11.
1142 4450 1294 4504 Curt.
1334 4450 1384 4503 5.
1423 4450 1472 4503 2.
1510 4450 1560 4503 6.
1601 4450 1801 4521 Droys.
1840 4451 1888 4504 1.
1927 4451 1968 4503 1.
2009 4451 2113 4504 168
2151 4455 2208 4505 et
2248 4452 2364 4505 171.
2404 4451 2540 4506 Abel
2576 4452 2694 4505 132.

477 4537 524 4606 6)
563 4540 629 4594 cf.
670 4538 924 4606 Droysen
959 4540 1007 4593 1.
1049 4541 1096 4595 1.
1139 4540 1207 4593 73
1246 4540 1373 4594 a‘nn.
1412 4539 1461 4593 4.
