3338 5350
1677 543 1803 606 102

573 736 1019 823 Lysimachus
1090 742 1157 801 et
1221 737 1560 825 principes
1628 736 2085 804 Macedoniae.
2179 739 2358 805 Nam
2420 739 2657 805 eodem
2700 739 2903 806 modo

578 867 710 933 quo
754 845 901 932 jam
946 844 1309 932 Antipater
1356 844 1685 909 amicitias
1753 846 2037 931 gerebat
2081 868 2234 911 cum
2279 845 2709 933 LysimachO,
2758 868 2902 911 suc-

575 975 866 1018 cessores
913 952 1057 1038 ejus
1103 974 1389 1039 quoque,
1458 952 1790 1040 imprimis
1837 949 2231 1037 Cassander,
2295 975 2558 1041 semper
2601 953 2673 1018 id
2721 954 2905 1018 stud-

581 1066 848 1143 uerunt,
915 1067 993 1125 ut
1060 1081 1218 1124 usus
1287 1080 1441 1123 cum
1511 1059 1804 1124 finitimo
1875 1081 2080 1145 quam
2146 1061 2569 1147 gratissimus
2639 1066 2810 1126 esset
2832 1059 2904 1142 1).

580 1166 798 1246 Quam
842 1167 928 1231 ob
972 1188 1118 1232 rem
1162 1164 1365 1232 facile
1410 1188 1487 1232 eo
1535 1165 1936 1232 adducimur
1981 1174 2058 1232 ut
2104 1167 2520 1254 suspicemur
2539 1168 2909 1233 terminum

575 1274 1088 1340 Macedonicum
1133 1295 1173 1338 a
1216 1278 1411 1361 parte
1455 1270 1784 1338 Thraciae
1828 1295 1966 1338 non
2013 1279 2170 1339 ante
2205 1275 2336 1340 288
2381 1281 2718 1339 mutatum
2743 1297 2904 1340 esse.

663 1892 702 1968 ἓ
749 1886 815 1955 6.
865 1886 953 1955 De
1002 1886 1164 1956 bello
1212 1887 1462 1956 [amico
1508 1887 1579 1956 et
1623 1885 1704 1955 de
1750 1884 2082 1956 societate
2131 1885 2480 1970 Bellantem
2528 1884 2607 1955 de
2655 1884 2817 1954 bello

1574 2019 1882 2089 Aetolico.

663 2246 1021 2334 Philippus
1068 2252 1137 2312 et
1180 2244 1571 2310 Alexander
1615 2245 1931 2333 synedrio
1981 2244 2409 2311 Corinthiaco
2455 2251 2725 2310 tantum
2769 2267 2911 2313 non

575 2376 805 2420 omnes
852 2353 1143 2419 Graecos
1188 2353 1509 2419 societate
1554 2352 1683 2418 sibi
1728 2350 2242 2437 conjunxerunt,
2292 2373 2537 2438 eosque
2582 2373 2661 2417 eo
2706 2353 2909 2418 modo

575 2460 705 2527 sibi
774 2460 1097 2526 obnoxios
1163 2459 1607 2525 reddiderunt
1680 2465 1756 2523 ut
1815 2459 2034 2547 primo
2096 2460 2320 2547 capite
2374 2461 2911 2525 demonstratum

579 2574 697 2634 est.
792 2566 929 2633 Sed
975 2574 1190 2633 morte
1236 2566 1630 2650 Alexandri,
1700 2587 1806 2631 res
1851 2565 1993 2631 illic
2059 2566 2444 2632 omnimodo
2490 2574 2795 2632 mutatae
2840 2573 2912 2631 et

574 2674 1012 2764 perturbatae
1059 2681 1234 2759 sunt,
1281 2673 1503 2762 prisca
1548 2672 1883 2739 libertatis
1932 2672 2224 2739 aviditas
2247 2672 2662 2740 Graecorum
2685 2674 2910 2740 denuo

575 2783 870 2849 excitata
916 2788 1034 2846 est.

664 2890 712 2956 J
715 2911 824 2954 am
894 2888 1196 2954 omnium
1261 2888 1465 2975 primi
1534 2887 1790 2953 Rhodii
1855 2889 2105 2954 nuncio
2152 2889 2238 2954 de
2280 2887 2657 2954 Alexandri
2693 2894 2911 2954 morte

535 3043 544 3054 -
580 2996 787 3063 allato
825 2995 1070 3081 jugum
1115 2995 1629 3060 Macedonicum
1677 3003 2111 3061 excusserunt
2146 2997 2235 3080 2)3
2295 2995 2650 3061 historicus
2695 2994 2912 3061 Theo-

574 3125 866 3192 pompus
914 3103 1030 3189 qui
1077 3102 1349 3189 adjutus
1398 3102 1483 3167 ab
1530 3103 1923 3168 Alexandro
1971 3100 2217 3168 Chium
2258 3103 2332 3167 in
2368 3103 2665 3191 patriam
2687 3124 2911 3168 rever·

575 3217 753 3276 terat
801 3211 1022 3275 denuo
1070 3232 1110 3275 a
1155 3208 1597 3298 popularibus
1645 3209 1942 3298 pellitur,
1989 3231 2146 3275 cum
2183 3209 2330 3296 jam
2383 3215 2586 3275 antea
2629 3210 2912 3298 Ephesii

574 3318 992 3408 praesidium
1034 3316 1551 3383 Macedonicum
1599 3318 1955 3404 ejecissent
1979 3316 2049 3401 3).

666 3425 803 3491 Sed
849 3425 1221 3489 maximum
1267 3424 1644 3511 periculum
1693 3447 1734 3491 a
1778 3430 1976 3512 parte
2019 3424 2230 3512 ipsius
2299 3425 2622 3490 Graeciae
2690 3425 2910 3490 immi-

574 3534 832 3599 nebat..
900 3531 1199 3598 Societas
1245 3531 1426 3597 enim
1471 3554 1626 3597 cum
1672 3532 2073 3598 Macedonia
2119 3554 2158 3597 a
2204 3533 2460 3618 majore
2504 3541 2700 3621 parte
2745 3533 2909 3598 civi-

574 3638 821 3703 tatium
868 3660 1005 3704 non
1050 3644 1318 3704 tantum
1365 3638 1695 3705 dissoluta
1742 3645 1860 3718 est,
1926 3639 2045 3705 sed
2090 3639 2367 3727 insuper
2412 3640 2626 3705 altera
2673 3645 2909 3705 contra

575 3746 939 3833 pristinum
983 3746 1239 3811 socium
1281 3746 1454 3811 inita
1500 3753 1618 3830 est,
1667 3753 1746 3811 ut
1785 3767 1928 3811 sese
1967 3745 2135 3832 jugo
2181 3746 2617 3812 Macedonico
2663 3745 2909 3811 libera-

572 3860 744 3917 rent.
836 3852 1142 3918 Fuerunt
1209 3851 1659 3918 Athenienses
1738 3853 1856 3939 qui
1923 3852 2218 3939 reliquas
2266 3852 2465 3918 urbes
2515 3853 2603 3918 ad
2651 3852 2911 3917 bellum

574 3964 810 4025 contra
878 3959 1348 4025 Macedoniam
1415 3960 1893 4026 incitaverunt.
1986 3959 2223 4025 Factio
2309 3960 2487 4025 enim
2556 3958 2910 4047 popularis

627 4229 675 4297 1)
712 4229 867 4283 Diod.
925 4229 1008 4282 20.
1060 4229 1176 4282 106.
1228 4228 1277 4281 3.
1326 4229 1488 4282 Paus.
1537 4228 1584 4281 l.
1626 4227 1709 4281 10.
1751 4229 1796 4282 1.
1836 4228 2124 4292 Λυσιμάχῳ
2162 4227 2213 4279 δὲ
2245 4225 2328 4277 ἐπὶ
2362 4229 2451 4291 μὲν
2478 4226 2722 4292 Ἀριδαίου
2760 4230 2908 4290 βασι-

573 4317 792 4373 λεύοντος
826 4316 913 4366 καὶ
947 4317 1138 4379 ὕστερον
1176 4314 1488 4378 Κασσάνδρου
1525 4315 1611 4365 καὶ
1646 4321 1742 4364 τῶν
1779 4314 1965 4366 παίδων
2002 4317 2147 4379 φιλίαι
2184 4315 2386 4379 διέμεινε
2421 4318 2534 4379 πρὸς
2570 4316 2868 4375 Μακεδόνας.

629 4408 678 4473 2)
717 4405 874 4460 Diod.
917 4405 999 4459 18.
1040 4406 1087 4458 8.
1129 4405 1176 4458 1.
2113 4473 2121 4480 ι

629 4495 677 4563 3)
720 4496 932 4550 Schaef.
973 4494 1254 4549 Demosth.
1295 4495 1342 4547 3.
1382 4494 1486 4547 354
1524 4495 1590 4548 cf.
1630 4498 1834 4548 autem.
1877 4494 2072 4565 Droys.
2114 4496 2162 4547 2.
2203 4496 2252 4549 1.
2289 4496 2359 4548 45
2397 4512 2518 4548 ann.
2559 4500 2592 4546 2
