3338 5350
1591 532 1676 594 21

473 726 767 790 conditio
808 725 1233 791 Athenarum
1278 734 1434 814 post
1469 726 1726 791 bellum
1767 726 2140 810 Lamicum,
2184 734 2250 792 et
2296 729 2419 792 sub
2465 727 2809 792 Demetrio

471 831 819 897 Phalereo.
866 833 1288 898 Praesidium
1333 833 1744 919 Munychiae
1805 834 1995 898 adest
2034 834 2102 916 ¹),
2166 834 2296 921 ipsi
2365 833 2810 898 Athenienses

475 938 958 1026 aliquantisper
1025 939 1351 1005 tributum
1424 939 1600 1006 ferre
1656 949 1992 1027 coguntur
2026 942 2077 1027 ²)
2123 941 2418 1028 primum
2465 942 2676 1006 coacti
2725 939 2809 1005 ab

471 1046 838 1132 Antipatro
864 1047 1347 1112 democratiam
1370 1054 1640 1113 mutant
1664 1049 1737 1112 in
1760 1050 2231 1131 timocratiam,
2259 1054 2406 1112 tum
2432 1047 2809 1113 Cassandro

474 1159 749 1217 auctore
792 1152 1177 1218 Demetrius
1222 1153 1590 1219 Phalereus
1638 1154 1837 1220 rebus
1883 1155 2291 1242 praeficitur,
2332 1155 2448 1220 sed
2487 1177 2527 1219 a
2551 1155 2810 1219 civibus

472 1260 631 1346 ipsis
711 1282 994 1325 munera
1055 1261 1396 1325 ordinaria
1464 1263 1986 1347 magistratuum
2055 1263 2114 1325 ei
2184 1262 2696 1326 committuntur
2740 1264 2810 1344 3),

471 1366 691 1453 neque
737 1367 868 1432 alio
909 1368 1108 1433 modo
1160 1368 1520 1453 quicquam
1564 1369 1909 1452 valuisset,
1955 1370 2086 1434 nisi
2136 1371 2496 1454 quotannis
2536 1390 2810 1433 munere

472 1474 699 1560 aliquo
784 1474 1056 1561 publico
1139 1474 1536 1562 perfunctus
1622 1484 1810 1540 esset.
1879 1476 2173 1542 Foedere
2243 1497 2405 1540 sane
2468 1475 2809 1559 conjuncti

471 1579 747 1645 fuerunt
793 1580 1241 1646 Athenienses
1288 1604 1435 1646 cum
1487 1582 1907 1664 Macedonia,
1952 1583 2070 1647 sed
2096 1580 2229 1647 fuit
2250 1581 2492 1647 foedus
2518 1603 2809 1666 aequum

472 1690 551 1752 iis
643 1688 1137 1755 conditionibus
1230 1689 1473 1753 initum
1565 1711 1743 1774 quae
1820 1690 1999 1753 inter
2082 1696 2304 1754 cetera
2369 1687 2812 1753 inveniuntur

473 1796 654 1883 apud
721 1795 1249 1883 Xenophontem
1321 1795 1497 1861 Hell.
1573 1798 1616 1861 6
1705 1797 1765 1861 3.
1821 1798 1879 1860 7.
1952 1794 2304 1860 ἀκολουθεῖν
2349 1792 2474 1859 ὅποι
2520 1792 2595 1858 ἂν
2641 1795 2812 1871 ὑμεῖς

471 1900 711 1978 ἡγῆσθε
758 1902 826 1985 4).
898 1902 1027 1966 Vel
1098 1902 1381 1968 classem
1451 1925 1643 1967 suam
1710 1905 2134 1967 retinuerunt
2179 1902 2254 1987 5)‚
2302 1924 2438 1988 qua
2482 1901 2693 1966 classe
2742 1903 2811 1964 in

471 2008 648 2074 bello
716 2010 896 2073 intra
966 2031 1176 2074 annos
1247 2010 1601 2074 315—311
1679 2031 1798 2074 suo
1863 2019 2079 2074 marte
2138 2031 2284 2074 rem
2344 2014 2696 2094 gesserunt
2730 2008 2808 2094 6).

469 2115 705 2199 Immo‚
757 2137 934 2180 anno
978 2117 1106 2181 312
1132 2116 1586 2205 Athenienses
1612 2122 1981 2202 coegerunt
2002 2117 2427 2181 Demetrium
2454 2122 2528 2179 ut
2549 2115 2811 2201 legatos

468 2224 769 2288 mitteret
816 2222 902 2287 ad
949 2222 1394 2309 Antigonum,
1439 2225 1554 2309 qui
1601 2223 1685 2288 de
1711 2224 2027 2288 societate
2051 2244 2207 2287 cum
2232 2243 2309 2287 eo
2341 2228 2712 2287 tractarent
2737 2223 2810 2308 7).

471 2331 626 2395 Non
696 2352 864 2418 opus
935 2336 1034 2394 est
1103 2331 1326 2395 dicere
1370 2332 1539 2396 haec
1583 2331 1813 2396 omnia
1860 2332 2018 2395 satis
2067 2329 2463 2395 confirmare
2510 2351 2590 2394 ea
2638 2350 2812 2415 quae

472 2461 676 2526 supra
745 2438 1205 2503 demonstrare
1266 2440 1491 2503 conati
1554 2460 1804 2521 sumus,
1854 2459 2101 2524 nempe
2145 2436 2329 2523 quod
2371 2435 2562 2502 nullo
2608 2437 2811 2502 modo

470 2545 724 2610 tributa
768 2544 911 2610 lata
957 2551 1025 2609 et
1046 2544 1386 2632 praesidia
1410 2546 1547 2610 arci
1572 2546 1885 2632 imposita
1909 2544 2293 2609 libertatem
2316 2542 2502 2607 urbis
2529 2542 2728 2628 alicuj
2738 2566 2812 2608 us

470 2653 835 2738 attingunt,
886 2652 1255 2738 eodemque
1301 2657 1607 2740 tempore
1652 2653 2025 2734 ostendere,
2053 2650 2627 2738 quemadmodum
2652 2650 2811 2717 urbs

471 2760 750 2842 Graeca,
800 2760 1110 2845 quamvis
1157 2759 1597 2825 Macedoniae
1641 2760 1933 2826 obnoxia
1978 2764 2170 2841 esset,
2209 2757 2596 2824 libertatem
2620 2780 2814 2823 suam

471 2890 610 2933 non
657 2866 954 2932 amiserit
989 2865 1058 2948 ⁸).

556 2973 680 3038 His
727 2973 1105 3038 constitutis
1147 2979 1454 3060 superest
1490 2972 1724 3039 videre
1753 2974 2030 3058 quinam
2052 2971 2258 3038 fuerit
2285 2979 2500 3038 status
2525 2972 2811 3060 Amphi-

468 3080 717 3169 polidis
761 3086 916 3167 post
965 3101 1219 3145 annum
1266 3080 1416 3145 357.
1466 3080 1805 3167 Imprimis
1852 3081 2083 3165 magni
2133 3082 2414 3145 interest
2452 3081 2621 3144 scire
2644 3102 2807 3166 quo-

526 3332 572 3399 1)
610 3331 755 3385 Plut.
793 3331 961 3385 Phoc.
1000 3329 1084 3383 28.

518 3421 566 3485 2)
607 3420 724 3474 Ibid
764 3419 849 3473 30.

519 3508 568 3575 3)
606 3508 843 3562 Dittenb.
897 3508 998 3561 164
1045 3504 1255 3568 αἱρεθεὶς
1291 3508 1382 3559 ὑπὸ
1417 3512 1506 3558 τοῦ
1544 3505 1728 3575 δήμῳυ.
1783 3508 2020 3562 Dittenb.
2060 3508 2133 3562 1.1.
2173 3526 2299 3563 ann.
2336 3509 2386 3562 5.
2424 3508 2662 3563 Dittenb.
2706 3508 2808 3561 165

463 3601 546 3648 τὸν
600 3599 875 3660 στρατηγὸν
932 3595 1199 3659 Δημήτριον
1255 3597 1597 3659 Φανοστράτου
1652 3596 1879 3658 Φαληρέα
1932 3599 1999 3651 cf.
2056 3599 2114 3652 Ε.
2155 3597 2395 3653 Curtius.
2455 3597 2803 3668 Stadtgesch-

466 3708 517 3744 v.
557 3688 737 3743 Athen
773 3707 824 3758 p.
864 3688 985 3741 225.

517 3776 566 3843 4)
604 3778 669 3831 cf.
709 3777 906 3833 Busolt
940 3795 994 3847 p.
1038 3777 1159 3831 649.
1199 3794 1318 3846 sqq.

459 3913 468 3919 .
515 3867 561 3934 5)
600 3869 791 3938 Droys.
850 3867 884 3920 2
920 3867 971 3920 2.
1011 3866 1079 3919 24
1116 3883 1242 3920 ann.
1282 3868 1329 3919 1.
1391 3866 1548 3934 „Also
1585 3866 1767 3920 Athen
1819 3867 1918 3920 hat
1967 3866 2110 3920 nach
2160 3866 2259 3921 wie
2299 3883 2400 3919 vor
2438 3866 2587 3919 seine
2625 3865 2808 3920 Flotte

470 3957 616 4028 „und
650 3956 824 4011 damit
859 3955 1005 4010 auch
1043 3955 1130 4010 die
1168 3954 1569 4009 Schiffshauser
1604 3955 1661 4008 in
1697 3954 1992 4021 Munychia
2027 3953 2145 4008 und
2176 3954 2234 4008 in
2277 3952 2608 4009 Peiraieus.”

476 4089 479 4094 .
515 4046 562 4114 6)
598 4046 838 4101 Dittenb.
880 4045 999 4099 166.
1039 4045 1234 4115 Droys.
1274 4043 1322 4098 2.
1364 4044 1414 4101 2.
1458 4044 1526 4097 24
1565 4048 1621 4099 et
1657 4045 1742 4099 25.

515 4137 562 4202 ⁷)
598 4135 753 4190 Diod.
795 4135 862 4188 19
919 4135 988 4188 78
1048 4135 1097 4188 4.

515 4224 562 4292 8)
600 4226 783 4279 Kuhn.
820 4243 872 4294 p.
931 4224 1050 4279 289.
1088 4224 1203 4279 Ans
1243 4224 1417 4278 vielen
1466 4224 1771 4294 Beispielen
1810 4223 1908 4278 der
1944 4223 2335 4279 Griechischen
2372 4223 2697 4279 Geschichte
2736 4226 2810 4279 ist

466 4315 596 4369 aber
654 4314 910 4377 bekannt,
960 4314 1087 4368 dass
1142 4331 1299 4369 wenn
1353 4315 1410 4367 in
1466 4314 1563 4368 der
1609 4314 1935 4369 Geschichte
1980 4313 2390 4369 Gemeinwesen
2439 4317 2602 4368 unter
2650 4314 2807 4368 ihren

467 4404 692 4474 eigenen
729 4404 945 4458 Namen
980 4403 1331 4459 verzeichnet
1363 4403 1599 4472 werden,
1640 4403 1757 4457 dies
1795 4403 1875 4457 als
1916 4403 2119 4457 Beweis
2159 4403 2310 4457 ihrer
2346 4403 2806 4474 selbststandigen

464 4493 722 4548 Existenz
761 4493 890 4563 galt.
