3338 5350
1730 527 1816 592 78

604 744 981 812 personam,
1032 745 1206 810 quae
1281 744 1612 788 summam
1680 728 2041 810 acceptura
2108 729 2303 805 esset,
2368 728 2652 808 utroque
2720 721 2947 807 sigillo

605 832 875 919 imperii
916 837 1170 896 ornat0.

696 938 850 1004 Non
907 959 1074 1026 opus
1136 944 1237 1003 est
1283 937 1503 1002 dicere
1547 937 1773 1025 ipsum
1817 935 2287 1001 Alexandrum
2332 958 2368 1000 e
2409 936 2742 1002 thesauris
2792 942 2943 1000 tan-

604 1051 751 1110 tum
799 1045 1153 1132 sumpsisse
1224 1052 1553 1130 quantum
1601 1065 1892 1123 ,necesse
1955 1042 2236 1108 haberet
2296 1043 2382 1108 ad
2443 1065 2550 1108 res
2597 1041 2943 1127 militares,

607 1152 751 1218 sive
791 1152 878 1217 ad
926 1151 1058 1217 alia
1102 1152 1396 1237 negotia,
1438 1150 1628 1237 cujus
1667 1152 1765 1215 rei
1812 1152 2087 1238 insuper
2110 1149 2359 1215 indicia
2400 1155 2632 1214 extant
2655 1153 2722 1229 1).
2769 1149 2948 1214 Inde

606 1259 691 1324 ab
733 1259 815 1324 iis
871 1258 1306 1346 temporibUS‚
1353 1258 1597 1344 quibus
1619 1279 1813 1344 reges
1853 1257 1927 1321 in
1950 1255 2355 1323 Macedonia
2377 1255 2569 1322 sedes
2592 1255 2944 1341 haberent,

603 1365 753 1453 ipsi,
803 1365 932 1431 sivi
976 1370 1441 1453 procuratores
1514 1385 1745 1430 eorum
1805 1364 2135 1429 curabant
2183 1370 2260 1429 ut
2306 1385 2509 1449 magn
2517 1385 2595 1428 ae
2642 1384 2946 1429 summae

604 1472 930 1560 pecuniae
992 1494 1029 1538 e
1084 1471 1414 1538 thesauris
1473 1470 1636 1536 illuc
1699 1478 2338 1559 transportarentur,
2388 1492 2554 1558 quas
2598 1476 2945 1558 praetores

602 1600 758 1644 cum
802 1578 1127 1644 militibus
1164 1579 1747 1667 prosequebantur
1773 1571 1847 1662 ²).
1896 1577 1972 1644 Si
2022 1578 2130 1643 cui
2157 1580 2317 1644 dare
2340 1576 2599 1643 vellent
2620 1599 2946 1663 magnam

603 1708 935 1751 summam
979 1687 1327 1774 pecuniae,
1379 1692 1526 1750 tum
1574 1692 1643 1750 et
1709 1686 1796 1751 ad
1858 1685 2051 1750 illum
2112 1685 2333 1773 ipsum
2398 1690 2467 1749 et
2514 1691 2585 1750 at
2633 1685 2943 1750 custodes

601 1793 1067 1858 thesaurorum
1108 1793 1350 1879 quibus
1394 1793 1562 1859 haec
1607 1814 1714 1858 res
1759 1793 2312 1877 committeretur,
2362 1794 2583 1878 regias
2624 1792 2943 1880 epistolas

602 1901 931 1965 miserunt
957 1899 1027 1988 3).

691 2007 845 2074 Non
887 2014 990 2073 est
1034 2008 1316 2073 dubium
1364 2007 1549 2094 quin,
1599 2007 1863 2093 quoties
1924 2012 2239 2075 narratur
2278 2004 2747 2097 ⁴Alexandrum
2797 2007 2946 2072 sive

602 2135 1010 2181 successores
1059 2114 1202 2200 ejus
1250 2122 1316 2180 et
1364 2136 1594 2180 eorum
1638 2120 2125 2202 procuratoreS,
2185 2113 2601 2198 Perdiccam,
2651 2113 2943 2201 Antipa-

601 2227 801 2306 trum,
866 2222 1511 2310 Polysperchontem
1581 2221 1879 2309 praetori
1949 2220 2170 2304 alicui,
2218 2242 2551 2286 summam
2598 2221 2943 2307 quandam

600 2330 927 2415 pecuniae
952 2329 1380 2413 commisisse,
1399 2334 1555 2414 (vc.
1585 2328 1941 2394 Perdiccas
1968 2348 2146 2392 anno
2171 2327 2300 2392 323
2324 2328 2617 2393 Eumeni
2641 2328 2942 2414 quinque

604 2435 791 2502 milia
834 2434 1246 2501 talentorum
1294 2435 1485 2501 dedit
1519 2442 1597 2500 ut
1641 2442 2009 2523 occuparet
2054 2434 2483 2521 provinciam
2527 2457 2718 2500 suam
2767 2433 2941 2521 Cap-

602 2543 993 2630 padociam3
1058 2543 1273 2609 multa
1342 2542 1478 2608 alia
1545 2562 1814 2628 quoque
1881 2540 2193 2629 exempla
2259 2539 2460 2628 hujus
2527 2541 2626 2606 rei
2671 2548 2944 2628 praesto

603 2657 761 2716 sunt
782 2649 879 2734 4))
950 2649 1077 2716 hoc
1145 2649 1404 2716 factum
1453 2650 1540 2716 sit
1585 2649 2033 2738 chirographo
2082 2654 2150 2715 et
2197 2648 2622 2736 delegatione
2667 2650 2753 2714 ad
2798 2648 2944 2714 the-

604 2780 900 2823 saurum.

691 2865 875 2950 Ergo
924 2885 1218 2952 expensa
1263 2865 1461 2950 regis,
1532 2864 1677 2934 sive
1724 2863 1993 2951 imperii
2038 2864 2209 2950 regii
2248 2869 2432 2928 recta
2477 2862 2946 2951 profluxerunt

603 2994 641 3037 e
708 2971 1060 3037 thesauris.
1176 2972 1500 3036 Attamen
1590 2970 1775 3036 aliud
1865 2992 2131 3056 quoque
2211 2992 2425 3055 genus
2495 2991 2945 3057 expensorum

604 3078 1261 3143 commemorandum
1306 3084 1426 3143 est.
2104 3058 2127 3088 ⁶

660 3338 711 3404 1)
751 3339 816 3393 cf.
859 3338 1017 3393 Diod.
1059 3339 1142 3392 17.
1183 3339 1266 3393 71.
1304 3339 1353 3392 2.

655 3426 703 3492 2)
744 3428 863 3481 Arr.
909 3428 1043 3481 Exc.
1082 3426 1217 3495 §32

654 3513 704 3581 3)
741 3515 903 3585 Apud
958 3507 1115 3569 Diod'.
1168 3515 1251 3570 18.
1288 3513 1375 3570 58.
1415 3516 1445 3569 1
1487 3520 1542 3572 et
1582 3515 1668 3570 18'.
1708 3516 1792 3571 60.
1832 3517 1865 3570 2
1903 3519 2141 3584 utraque
2178 3519 2665 3581 commemoratur,
2703 3518 2759 3570 et
2800 3517 2941 3586 epis·

604 3605 721 3659 tola
763 3604 915 3675 regia
955 3621 1124 3672 quam
1160 3606 1577 3676 Polysperchon
1616 3622 1760 3660 anno
1798 3606 1903 3660 319
1940 3605 2090 3659 misit
2124 3604 2198 3659 ad
2235 3606 2555 3669 Eumenem,
2597 3621 2707 3673 qua
2751 3606 2799 3660 ei
2834 3605 2944 3659 500

603 3693 816 3747 talenta
870 3693 1016 3748 dono
1075 3693 1251 3762 daret,
1306 3697 1363 3747 et
1418 3694 1650 3763 epistola
1704 3694 1857 3764 regia
1909 3693 1979 3748 ad
2032 3697 2626 3756 θησαυροφυλακτοῦντας
2680 3693 2941 3765 Cyindae,

605 3782 832 3837 Praeter
868 3783 1006 3837 haec
1045 3783 1345 3853 quingenta
1380 3783 1591 3837 talenta
1626 3783 1861 3836 Eumeni
1895 3775 2226 3851 permissum
2249 3785 2368 3837 erat
2385 3786 2451 3837 ut
2468 3783 2630 3852 plura
2649 3782 2942 3852 acciperet,

608 3873 885 3938 quotquot
920 3874 1220 3942 rogaturus
1258 3874 1402 3926 esset
1436 3888 1548 3925 non
1585 3872 1768 3925 solum
1808 3887 1837 3923 e
1858 3870 2084 3941 Cyinda,
2123 3872 2220 3925 sed
2259 3872 2424 3926 etiam
2463 3888 2493 3925 e
2531 3872 2686 3926 Susis
2723 3875 2779 3927 et
2815 3872 2942 3926 reli-

607 3959 729 4026 quis
765 3959 1056 4028 thesauris,
1095 3959 1166 4014 ad
1205 3976 1345 4027 quos
1381 3961 1516 4015 item
1553 3961 1737 4029 regiae
1776 3960 2039 4029 epistolae
2076 3960 2275 4015 missae
2313 3963 2485 4015 erant.
2524 3960 2705 4026 (Diod.
2746 3961 2830 4015 18.
2852 3960 2943 4015 58.

606 4048 636 4101 1
698 4051 754 4102 ct
791 4048 873 4101 19.
914 4048 996 4102 15.
1035 4049 1107 4114 5).
1149 4047 1344 4103 Danda
1380 4050 1430 4105 ei
1467 4052 1625 4104 crant
1659 4053 1757 4098 τῶν
1793 4047 1957 4097 ἄλλων
1992 4049 2262 4113 χρημάτων
2298 4048 2391 4099 ὅσα
2426 4047 2484 4098 ἂν
2520 4047 2701 4114 alwio„
2735 4053 2848 4113 πρός
2884 4068 2947 4101 τε

604 4139 698 4193 τὰς
735 4134 1011 4204 ξενολογίας
1048 4136 1133 4187 καὶ
1171 4142 1263 4194 τὰς
1300 4136 1464 4194 ἄλλως
1498 4139 1593 4194 τὰς
1627 4135 2021 4201 κατεπειγούσας
2038 4138 2223 4202 χρείας.
2263 4138 2375 4193 Cur
2392 4137 2618 4192 tandem
2638 4138 2947 4210 quingenta

604 4225 698 4280 illa
732 4226 943 4280 talenta
975 4243 1226 4282 seorsum
1263 4229 1700 4281 commemorata
1738 4228 1907 4281 sunt?
1947 4228 2250 4282 Discrimen
2290 4227 2497 4282 scilicet
2530 4228 2638 4282 hoc
2668 4232 2767 4293 est,
2788 4232 2950 4297 quod

606 4315 655 4371 ei
708 4331 819 4369 non
875 4331 1015 4384 opus
1069 4316 1172 4370 fuit
1220 4332 1423 4371 eorum
1477 4315 1751 4369 rationem
1806 4315 2051 4385 reddere,
2107 4316 2203 4371 sed
2241 4315 2391 4383 quod
2429 4316 2496 4371 de
2532 4316 2758 4384 reliquis
2796 4335 2949 4386 quae

608 4407 938 4474 accepturus
975 4408 1133 4469 esset,
1173 4404 1313 4459 ratio
1351 4404 1633 4459 reddenda
1677 4409 1811 4472 erat.

674 4495 724 4559 4)
762 4493 906 4547 Plut.
944 4494 1103 4548 Eum.
1141 4494 1190 4547 3.
