3338 5350
1613 523 1743 589 108

594 718 1006 805 Synedrium
1052 718 1340 785 consulit
1386 719 1472 784 de
1514 741 1706 806 pace,
1754 725 1821 784 et
1866 721 1952 784 de
1995 720 2455 786 continuando
2502 722 2681 788 bello
2705 722 2771 801 ¹).

592 825 837 891 Graeci
907 846 1054 891 sese·
1116 825 1423 891 societati
1493 825 2013 913 applicaverunt
2081 833 2201 892 aut
2269 831 2417 890 κατ’
2466 825 2658 908 ἔθνος,
2721 835 2843 894 aut

503 930 677 995 κατὰ
724 930 903 995 πόλιν
926 931 1005 1019 2).

591 1038 696 1103 De
736 1039 937 1104 modo
1007 1036 1336 1124 suffragia
1403 1037 1691 1122 ferendi,
1755 1042 1841 1107 de
1909 1062 2190 1107 numero
2258 1041 2733 1127 suffragiorum
2801 1066 2843 1109 a

502 1144 780 1231 singulis
823 1145 1117 1210 latorum
1163 1144 1335 1211 nihil
1376 1166 1500 1233 pro
1539 1154 1720 1213 certo
1743 1154 2165 1235 compertum
2185 1148 2534 1214 habemus.
2581 1150 2842 1215 Tamen

502 1253 822 1339 suspicari
904 1253 1122 1317 ausim
1188 1252 1486 1336 singulos
1556 1254 1765 1319 socios
1852 1254 2121 1340 singula
2196 1254 2521 1341 suffragia
2583 1255 2837 1320 tulisse.

500 1357 727 1444 Vulgo
796 1364 1024 1424 autem
1088 1363 1336 1446 putant
1402 1360 1533 1424 viri
1580 1360 1762 1426 docti
1828 1362 2039 1427 secuti
2085 1362 2496 1427 Kumanidis
2545 1368 2614 1428 et
2656 1363 2725 1428 vi
2772 1362 2839 1426 di

499 1464 801 1531 Koehler
845 1465 1250 1531 sententiam
1270 1465 1343 1551 3),
1391 1468 1898 1555 inscriptionem
1941 1466 2245 1533 Atticam
2290 1466 2443 1534 O.1.
2470 1469 2552 1535 A.
2602 1468 2676 1535 II
2708 1472 2843 1549 184

501 1594 644 1638 esse
712 1571 1289 1638 enumerationem
1357 1575 1687 1640 sociorum
1756 1581 1823 1639 et
1870 1574 2347 1662 suffragiorum
2405 1598 2583 1663 quae
2623 1576 2708 1643 ab
2757 1579 2843 1643 iis

498 1681 572 1745 in
633 1679 947 1765 synedrio
1014 1678 1158 1744 lata
1225 1686 1399 1745 sunt.
1495 1678 1631 1746 Sed
1701 1682 1883 1747 unde
1943 1682 2044 1746 illi
2087 1682 2583 1766 Ambraciotae‚
2645 1683 2843 1749 Perr-

499 1785 718 1870 haebi,
778 1786 1160 1871 Zacynthii,
1231 1785 1652 1874 Cephallenii
1722 1789 1793 1853 in
1855 1788 2293 1876 inscriptione
2360 1795 2592 1856 nostra
2605 1790 2638 1854 P
2702 1787 2844 1855 Cur

499 1914 637 1959 non
707 1915 747 1959 a
813 1892 1113 1959 Diodoro
1157 1901 1635 1978 memorantur,
1687 1916 1842 1960 cum
1880 1896 2091 1961 socios
2141 1902 2506 1980 enumeret,
2555 1917 2717 1987 cum·
2757 1920 2844 1961 ex

497 1999 825 2065 insulanis
919 2005 1189 2065 tantum
1284 2000 1662 2067 Leucadios
1754 2002 2276 2068 commemoret?
2363 2002 2843 2069 Ambraciotae

498 2128 722 2194 neque
786 2107 1004 2192 magis
1072 2107 1144 2171 in
1212 2105 1515 2173 fontibus
1562 2113 1918 2194 tamquam
1963 2109 2123 2174 socii
2193 2115 2489 2175 aetatem
2537 2109 2845 2175 tulerunt

499 2235 720 2300 neque
791 2214 975 2301 apud
1042 2213 1471 2297 Pausaniam,
1545 2216 1768 2301 neque
1830 2216 2013 2303 apud
2058 2215 2452 2299 Diodorum,
2498 2223 2565 2281 et
2609 2223 2843 2281 tamen

499 2320 660 2385 urbs
727 2319 861 2385 fuit
920 2322 1081 2385 satis
1127 2322 1360 2406 magni
1406 2322 1756 2387 momenti.
1850 2321 1987 2387 Sed
2037 2323 2281 2387 omissa
2346 2328 2466 2407 est,
2516 2323 2844 2409 quoniam

500 2429 803 2493 societati
849 2428 1159 2513 injuncta
1203 2449 1340 2493 non
1388 2434 1554 2494 erat.
1601 2428 2085 2494 Ambraciotae
2122 2430 2304 2494 enim
2329 2451 2507 2495 anno
2530 2431 2661 2495 336
2685 2453 2844 2496 cum

501 2534 672 2600 aliae
720 2535 919 2600 urbes
968 2535 1294 2600 Graeciae
1339 2534 1682 2621 subjectae
1753 2541 1930 2619 sunt,
1979 2535 2065 2601 ab
2110 2534 2503 2602 Alexandro
2527 2536 2845 2603 libertate

500 2642 735 2709 donati
784 2648 978 2709 erant
1023 2644 1112 2731 (p.
1161 2643 1247 2707 62
1289 2664 1444 2708 ann.
1498 2642 1568 2726 1)
1615 2642 2028 2710 democratia
2072 2642 2210 2708 illic
2248 2644 2395 2728 jam
2417 2644 2576 2710 inde
2602 2645 2687 2711 ab
2710 2644 2847 2711 hoc

454 2801 464 2812 .
499 2756 805 2838 tempore
852 2750 1160 2814 instituta
1204 2754 1350 2815 erat
1371 2748 1448 2836 4).
1545 2748 1717 2815 Cum
1788 2757 2013 2836 autem
2057 2771 2198 2816 non
2241 2756 2478 2838 pateat
2523 2751 2672 2817 illos
2716 2774 2848 2840 per

499 2856 876 2923 Alexandri
944 2856 1320 2922 absentiam
1384 2857 1725 2943 praesidio
1794 2857 2230 2923 Macedonico
2276 2879 2627 2945 oppressos
2675 2881 2842 2943 esse,

498 2987 619 3030 cur
686 2963 965 3029 tandem
1034 2965 1421 3059 societatem
1480 2964 1807 3047 iniissent,
1887 2964 2014 3028 sibi
2081 2963 2347 3053 nullum
2412 2967 2845 3032 commodum

500 3070 908 3137 allaturam?
974 3069 1215 3156 Neque
1281 3072 1497 3156 magis
1563 3076 1757 3159 patet
1798 3069 2239 3136 Ambraciam
2285 3078 2441 3159 post
2485 3071 2845 3138 Lamicum

497 3178 755 3245 bellum
799 3179 871 3242 in
917 3178 1311 3242 servitutem
1355 3177 1704 3243 redactam
1747 3199 1910 3261 esse,
1957 3178 2166 3243 immo
2204 3199 2343 3243 non
2382 3185 2539 3245 ante
2587 3202 2846 3245 annum

496 3286 639 3352 fere
685 3287 819 3351 314
864 3308 905 3350 a
949 3283 1329 3351 Cassandro
1375 3283 1683 3370 subjecta
1728 3290 1830 3349 est
1850 3284 1922 3371 5).
1971 3284 2179 3350 Nullo
2225 3286 2427 3352 modo
2452 3287 2661 3372 igitur
2683 3286 2847 3352 licet

496 3413 889 3458 enumerare
933 3391 1370 3459 Ambraciam
1415 3393 1595 3457 inter
1640 3393 1852 3457 socios
1886 3391 2063 3472 ,belli
2110 3392 2393 3457 Lamici.

500 3581 650 3650 quod
686 3598 920 3651 semper,
956 3581 1045 3635 vel
1078 3597 1222 3636 anno
1259 3580 1366 3634 338
1400 3581 1519 3650 ipse
1555 3579 1843 3649 Philippus
1879 3581 1934 3633 Π
1971 3598 2005 3634 a
2040 3580 2202 3635 sociis
2240 3580 2465 3636 Graecis
2500 3582 2558 3634 in
2577 3581 2842 3652 synedrio

498 3670 748 3726 Corinthi
802 3670 1069 3724 exercitui
1117 3687 1227 3737 quo
1267 3669 1675 3739 expeditionem
1711 3670 1768 3722 in
1803 3670 1990 3723 Asiam
2026 3671 2233 3724 faceret
2267 3671 2582 3739 praefectus
2621 3673 2705 3724 est
2742 3670 2836 3739 (cf.

499 3778 617 3831 cap.
658 3762 702 3814 I.
737 3778 789 3830 p.
828 3760 936 3824 41).
975 3760 1094 3829 Ego
1133 3759 1318 3828 potius
1356 3758 1688 3813 crediderim
1718 3759 2044 3812 societatem
2081 3759 2289 3813 factam
2310 3776 2428 3814 esse
2449 3763 2576 3829 post
2598 3776 2845 3829 pugnam

500 3850 649 3918 apud
707 3849 1047 3915 Heracleam,
1104 3851 1160 3901 et
1213 3852 1336 3901 tum
1392 3846 1618 3900 demum
1669 3847 2040 3901 Leosthenem
2099 3864 2132 3901 a
2186 3848 2348 3901 sociis
2403 3851 2598 3916 utpote
2661 3848 2843 3901 civem

499 3938 894 3992 Atheniensem
934 3952 1185 3991 summae
1223 3936 1303 3990 rei
1337 3936 1682 4004 praefectum
1722 3951 1856 4003 esse,
1892 3935 2088 3989 eodem
2126 3935 2292 3990 modo
2316 3952 2425 4003 quo
2447 3939 2575 4005 post
2593 3939 2839 3990 mortem

497 4028 613 4091 ejus
648 4026 960 4095 Antiphilus
996 4042 1250 4080 summus
1287 4024 1404 4079 dux
1440 4027 1661 4078 creatus
1701 4027 1804 4077 est.

552 4115 598 4180 1)
636 4115 796 4169 Diod.
836 4114 919 4169 18.
962 4115 1045 4168 17.
1084 4116 1138 4168 6.

552 4205 598 4270 2)
638 4204 793 4259 Diod.
835 4203 918 4258 18.
960 4203 1042 4257 10.
1081 4204 1130 4257 5.

555 4292 603 4361 3)
641 4294 707 4347 cf.
753 4294 996 4348 Dittenb.
1036 4292 1155 4347 159.

551 4381 601 4448 ⁴)
642 4381 802 4436 Diod.
842 4383 926 4436 17.
964 4382 1014 4435 3.
1052 4382 1115 4447 33
1154 4381 1239 4435 17.
1276 4382 1327 4435 4.
1368 4381 1418 4434 3.
1457 4381 1528 4434 cf.
1574 4380 1836 4434 Schaefer
1872 4380 2029 4434 Dem.
2067 4381 2117 4434 3.
2156 4380 2239 4434 95.

550 4471 597 4539 5)
632 4472 815 4525 Kuhn.
857 4489 907 4541 p.
946 4471 1033 4524 83.
